3228 5030
711 402 933 466 „52-

237 580 343 662 igitur,
374 581 428 662 qui
452 587 524 644 ante
548 580 738 662 aequinoctii
768 585 970 663 tempestates
998 580 1031 642 in
1055 579 1222 646 Graeciam
1245 577 1412 660 pervenire

234 688 393 768 volebant,
423 692 508 750 certe
532 685 599 770 jam
630 694 703 751 ante
725 687 772 752 Id.
798 686 885 768 Sept.
910 685 1000 750 Ostia
1022 685 1309 770 proficiscebantur,
1340 705 1412 749 cum

236 792 277 857 ad
305 793 365 857 iter
394 792 620 858 conficiendum
650 792 901 876 quattuordecim
929 793 997 858 scre
1031 793 1142 857 diebus
1175 810 1254 874 opus
1288 793 1411 870 esset.¹)

235 900 268 963 ls
296 899 402 982 igitur,
433 900 488 980 qui
516 901 636 964 Romae
665 900 749 965 ludis
777 900 929 965 Romanis
959 899 1071 981 adluit,
1101 899 1157 963 vix
1186 897 1297 962 eodem
1327 917 1411 962 anno

236 1005 269 1068 in
286 1005 452 1072 Graeciam
476 1005 635 1088 proiectus
659 1012 715 1071 est.
762 1006 825 1071 Sed
847 1006 927 1070 haec
942 1006 1048 1070 omnia
1063 1005 1149 1069 dicta
1164 1010 1236 1069 sunt
1251 1003 1292 1068 de
1307 1010 1413 1069 aetate

237 1111 416 1195 Caligulam
442 1119 560 1194 quanto
583 1113 686 1196 magis
709 1113 749 1177 de
764 1115 890 1178 Terenti
908 1112 1111 1196 temporibus,
1135 1111 1254 1175 scilicet
1269 1109 1412 1175 ducentis

211 1218 359 1283 'circiter
383 1219 473 1283 00010
497 1221 585 1283 00101
678 1219 838 1296 Quaecum
861 1220 907 1283 ita
936 1220 1007 1300 sint,
1037 1217 1213 1299 Terentius,
1244 1217 1270 1280 si
1299 1217 1412 1281 tertiae

235 1325 381 1408 Hecyrae
405 1326 521 1390 actioni
544 1327 703 1410 intererat,
733 1326 844 1391 ecdem
869 1347 952 1390 anno
982 1331 1065 1389 cerlc
1094 1325 1127 1387 in
1151 1323 1318 1391 Graeciam
1342 1344 1411 1407 pro-

237 1431 338 1495 fectus
361 1452 424 1496 non
447 1438 503 1496 est.

343 1537 430 1602 Nihil
457 1539 554 1622 igitur
582 1545 695 1620 restat,
726 1539 787 1603 nisi
817 1545 851 1604 01
879 1539 1045 1604 credamus
1074 1558 1149 1603 vere
1177 1537 1306 1602 ineunte
1335 1538 1411 1601 anni

236 1645 432 1725 insequentis
466 1653 592 1728 poetam
626 1666 784 1730 egressum
821 1666 899 1712 esse.
953 1646 1018 1711 Sed
1052 1666 1121 1710 cum
1156 1649 1252 1727 poeta
1287 1664 1315 1708 a.
1347 1643 1411 1707 595

236 1753 368 1814 Romam
392 1750 496 1816 redire
518 1753 614 1817 vellet
639 1751 690 1840 [cf.
709 1754 808 1817 vitam
825 1751 967 1840 Suctoni]
993 1758 1025 1816 01
1046 1751 1080 1815 10
1102 1751 1132 1815 01
1151 1749 1220 1834 jam
1244 1755 1411 1814 auctumno

238 1864 372 1922 exeunte
387 1858 568 1924 faciendum
584 1865 675 1941 esset,
692 1865 815 1942 tempus
831 1858 1048 1942 „percipiendi
1061 1860 1254 1924 Graecorum
1269 1857 1412 1921 instituta

236 1983 402 2046 moresque
426 1984 463 2028 ac
478 1985 577 2030 novas
593 1965 731 2031 faciendi
747 1966 893 2030 fabulas“
919 1964 970 2053 [cf.
988 1963 1097 2051 vitam]
1123 1965 1275 2048 perbreve
1290 1962 1410 2044 fuisset,

237 2069 263 2133 si
287 2090 361 2134 vere
385 2069 510 2135 demum
527 2092 556 2136 0.
574 2072 638 2135 595
655 2073 732 2137 urbe
747 2073 941 2138 excessisset.
976 2072 1146 2136 Praeterea
1162 2077 1227 2134 turn
1244 2069 1412 2134 Suetonius

238 2176 373 2241 scribere
396 2197 458 2241 non
482 2179 599 2260 potuit:
624 2186 716 2261 „post
739 2178 840 2243 editas
864 2178 1043 2258 comoedias
1066 2196 1210 2261 egressus
1234 2177 1312 2259 est“,
1341 2196 1412 2241 cum

237 2303 387 2365 magnum
411 2285 548 2367 spatium
571 2285 723 2369 temporis
744 2286 826 2349 inter
848 2285 1027 2350 fabularum
1051 2284 1221 2349 editionem
1237 2289 1269 2348 et
1283 2283 1409 2348 Terent'

237 2389 298 2453 iter
320 2389 494 2454 interesset.

345 2497 511 2561 Terentius
539 2497 636 2580 igitur
663 2503 719 2562 aut
744 2496 792 2561 Id.
816 2497 883 2562 fere
912 2497 1035 2581 Septbr.
1066 2517 1095 2561 0.
1120 2497 1185 2562 594
1212 2497 1314 2560 Roma
1342 2515 1413 2579 pro-

238 2600 338 2666 fectus
362 2601 443 2666 ludis
467 2604 617 2668 Romanis
644 2625 706 2668 non
735 2602 877 2668 interfuit
905 2602 1050 2687 estjam
1078 2609 1150 2686 post
1178 2602 1412 2684 aequinoctium

238 2729 370 2772 vernum
393 2708 955 2792 0011100901.10000001010001010
980 2710 1054 2774 anni
1078 2728 1222 2793 egressus
1246 2714 1302 2791 est,
1327 2708 1413 2791 quod

239 2814 365 2896 quidem
389 2816 584 2899 probabilius
607 2821 669 2898 est,
693 2837 767 2879 narn
791 2835 859 2880 curn
885 2815 952 2880 sine
975 2815 1070 2881 dubio
1094 2816 1212 2881 diutius
1227 2815 1261 2880 in
1277 2815 1413 2882 Graecia

238 2922 355 2985 morari
375 2923 482 3005 yellet,
507 2929 591 2986 certe
615 2922 913 3005 opportunissimum
937 2928 1060 3005 tempus
1083 2921 1126 2986 ad
1148 2923 1208 2987 iter
1231 2920 1412 2986 faciendum

238 3028 298 3092 sibi
315 3028 448 3111 elegisse
464 3028 622 3112 putandus
638 3034 694 3109 est,
704 3049 774 3093 non
789 3029 929 3092 maxime
944 3027 1097 3112 iniquum,
1114 3034 1149 3094 01
1164 3027 1255 3094 Philo
1271 3027 1413 3093 Judaeus

236 3135 405 3217 legationis
434 3135 548 3200 officiis
574 3135 748 3200 obstrictus.
795 3134 914 3212 Quodsi
938 3134 1099 3218 Adelphos
1123 3133 1191 3219 jam
1220 3139 1294 3198 ante
1322 3132 1413 3198 ludos

238 3240 386 3306 funebres
410 3242 445 3307 L.
464 3242 590 3309 Aemilii
613 3242 703 3310 Pauli
727 3262 756 3306 0.
774 3242 839 3305 594
862 3240 1036 3306 celebratos
1058 3241 1194 3324 primurn
1217 3246 1321 3305 actam
1344 3259 1414 3304 esse

239 3347 451 3430 concedimus,
481 3349 577 3413 etiam
600 3349 691 3413 alteri
714 3349 860 3431 Hecyrae
883 3348 999 3412 actioni
1022 3347 1206 3413 Terentium
1227 3367 1291 3412 non
1318 3347 1413 3411 inter·

238 3452 337 3518 fuisse
352 3475 456 3537 neque
473 3456 640 3539 prologum
655 3455 793 3539 priorem
808 3455 1029 3538 conscripsisse
1045 3455 1235 3519 existumare
1251 3453 1411 3519 debemus.

346 3578 410 3643 Sed
441 3578 527 3644 aliud
556 3581 653 3644 etiam
683 3578 819 3661 accedit,
855 3599 917 3661 quo
950 3579 1030 3644 haec
1064 3578 1220 3644 sententia
1253 3579 1412 3661 probetur,

240 3685 422 3749 Terentium
443 3706 507 3750 non
518 3685 586 3770 jam
603 3687 723 3751 Romae
738 3686 835 3750 fuisse
851 3692 1057 3769 praesentem,
1082 3705 1152 3750 curn
1169 3685 1295 3768 Hecyra
1310 3684 1413 3749 denuo

241 3790 434 3874 exigeretur3
468 3793 598 3857 Terenti
620 3791 704 3857 enirn
728 3792 937 3874 adversarius,
960 3792 1092 3856 Luscius
1107 3791 1301 3873 Lanuvinus,
1325 3791 1414 3855 cuius

242 3897 476 3962 criminationes
498 3899 681 3963 Terentium
705 3898 848 3962 omnibus
874 3898 908 3962 in
930 3899 1070 3982 prologis
1098 3899 1237 3963 refutare
1259 3897 1413 3980 videmus,

242 4023 319 4068 sane
342 4002 393 4067 hic
416 4013 555 4069 nostrum
578 4010 705 4087 potitam
728 4004 908 4087 vituperare
930 4004 1042 4087 potuit,
1073 4003 1157 4086 quod
1185 4003 1327 4069 fabulam
1345 4002 1414 4088 jarn

242 4115 337 4174 antea
360 4116 503 4174 exactam
526 4111 640 4176 iterum
663 4117 695 4176 et
717 4110 809 4175 tertio
837 4111 996 4175 retulerat.
1023 4149 1061 4158 -
1086 4111 1151 4176 Sed
1173 4110 1323 4175 Luscium
1351 4130 1414 4174 non

242 4217 437 4300 vituperasse
459 4222 585 4301 po'e'tam
603 4238 642 4282 ex
658 4237 696 4283 00
712 4217 855 4282 concludi
871 4221 983 4300 potest,
1007 4217 1092 4299 quod
1108 4223 1218 4282 neutro
1233 4216 1267 4280 in
1282 4217 1414 4300 prologo

242 4323 297 4388 ille
326 4342 360 4388 se
388 4323 545 4407 defendit3
583 4345 658 4390 nam
685 4324 812 4389 Terenti
843 4323 1017 4388 adversarii
1051 4324 1149 4388 semel
1182 4323 1276 4388 modo
1309 4344 1340 4388 v.
1370 4323 1413 4387 46

243 4451 456 4460 ———

354 4502 373 4569 ι)
408 4503 442 4558 cl.
451 4504 644 4559 Friedlaender:
658 4502 924 4573 „Sittengeschichte
933 4497 1034 4558 Roms“
1046 4503 1178 4558 1864v01.
1189 4503 1225 4557 11.
1234 4517 1263 4571 p.
1273 4502 1413 4570 10‚11,13.
