3228 5030
674 431 896 496 ..53-

199 616 491 677 commemorantur.
527 611 705 678 Verisimile
721 611 817 695 igitur·
833 616 881 675 est
896 611 1078 676 Terentium
1094 633 1157 678 non
1168 611 1235 697 jam
1253 614 1373 679 Romae

197 715 306 800 fuisse,
330 717 373 782 ita
397 722 432 782 ut
454 718 586 784 Lusoius
609 739 679 784 eum
705 717 872 802 objurgare
894 737 958 782 non
980 724 1095 801 posset.

305 824 422 890 Versus
445 831 550 890 autem
573 825 633 890 46:

358 931 428 1014 „Ne
451 951 524 997 eum
546 933 792 997 oiroumventum
814 931 922 1014 inique
945 930 1045 1014 iniqui
1068 933 1260 999 inrideant.“

198 1057 260 1102 non
283 1037 387 1102 minus
411 1038 451 1103 de
474 1040 604 1104 absente
627 1059 721 1122 quam
747 1038 787 1104 tle
808 1043 974 1122 praesente
989 1039 1138 1105 Terentio
1153 1040 1217 1106 dioi
1237 1047 1371 1125 poterat.

196 1148 365 1211 Praeterea
376 1145 553 1227 Terentius,
569 1146 594 1210 si
613 1145 811 1211 adversarios
826 1145 859 1209 in
873 1145 1006 1228 prologo
1017 1164 1074 1210 suo
1087 1155 1371 1232 oommemorassot,

198 1250 277 1314 talia
304 1252 402 1315 verba
431 1271 494 1316 non
522 1259 720 1336 usurpasset3
759 1251 822 1316 illis
851 1251 936 1315 enim
963 1251 1095 1334 fatetur,
1131 1272 1165 1318 se
1191 1255 1303 1320 timere
1332 1275 1372 1320 ne

198 1356 372 1422 adversarii
400 1358 577 1441 superiores
603 1358 690 1424 fiant.
736 1359 805 1423 Hoo
833 1363 997 1440 tantopere
1025 1358 1174 1425 abhorret
1201 1361 1372 1427 aTerenti

197 1463 314 1528 fiduoia
335 1463 369 1527 in
392 1464 522 1547 rebquis
548 1465 688 1548 prologis
717 1471 749 1531 et
775 1465 809 1529 in
835 1464 993 1547 prioribus
1022 1471 1054 1529 ot
1080 1466 1178 1532 multo
1207 1468 1311 1552 magis
1338 1469 1372 1534 in

196 1570 423 1653 posterioribus
446 1590 605 1654 expressa,
630 1577 753 1636 uttam
775 1571 913 1636 demissa
936 1576 967 1635 et
990 1570 1123 1636 humilia
1138 1575 1236 1639 verba
1258 1581 1372 1658 potitae

196 1676 333 1741 tribuere
355 1697 521 1759 nequeam.
566 1677 672 1759 Atque
695 1677 774 1743 baeo
796 1677 923 1760 quidem
947 1677 1130 1744 haetenus.

305 1783 414 1848 Lioeat
442 1783 520 1848 mihi
547 1784 658 1867 pauois
685 1784 791 1850 verbis
819 1785 1099 1869 comprehendere,
1133 1807 1216 1869 quae
1245 1788 1372 1853 demon·

197 1890 346 1954 stravisse
368 1910 419 1954 me
443 1890 586 1955 arbitror.

303 1997 353 2060 Ex
382 1997 585 2079 argumentis,
622 2016 704 2078 quae
733 2017 829 2081 supra
857 2004 930 2062 sunt
959 1998 1066 2082 allata,
1097 1999 1240 2065 oonoludi
1268 2006 1372 2084 potest

197 2103 329 2168 alterum
345 2104 492 2187 Heoyrae
514 2104 680 2186 prologum
696 2110 780 2168 oerte
795 2124 858 2169 non
875 2125 895 2167 a
910 2106 1069 2188 Terentio,
1093 2106 1149 2172 sed
1165 2107 1205 2171 ab
1221 2107 1370 2174 Ambivio

196 2209 367 2292 Turpione,
391 2208 519 2274 domino
542 2210 658 2293 gregis,
689 2210 743 2292 qui
772 2209 865 2274 buius
893 2211 1016 2294 prologi
1045 2219 1151 2295 partes
1180 2221 1369 2297 suseeperat,

197 2316 405 2399 conscriptum
430 2334 514 2399 esse3
538 2316 642 2381 sedai
664 2316 865 2381 oonoedimus
880 2316 1049 2400 Adelpbon
1071 2319 1227 2385 aotionem
1249 2341 1278 2384 a.
1295 2341 1325 2385 u.
1344 2341 1370 2386 o.

197 2421 263 2486 594
291 2441 355 2486 non
382 2423 519 2505 primam
548 2421 655 2505 fuisse,
687 2423 755 2488 sine
784 2424 849 2488 ulla
877 2423 1072 2489 dubitatione
1101 2425 1196 2490 etiam
1226 2426 1371 2510 Hecyrae

197 2527 346 2611 prologus
368 2528 454 2611 prior
476 2529 624 2594 Ambivio
646 2529 829 2595 tribuendus
853 2536 909 2596 est.
926 2567 968 2576 —
985 2531 1151 2596 Terentius
1174 2537 1278 2597 autem
1302 2532 1371 2615 ipse

83 2661 87 2674 ¹
196 2640 251 2698 aut
274 2639 394 2699 aestate
417 2642 472 2700 aut
493 2655 569 2702 vere
592 2636 667 2700 anni
690 2635 756 2700 594
780 2635 847 2720 jam
877 2637 911 2704 in
934 2637 1101 2702 Graeciam
1129 2638 1289 2721 profeotus
1312 2643 1369 2704 est.
