3228 5030
726 1271 920 1398 Vita.

350 1520 550 1584 Hermannus
573 1519 657 1586 Guil.
682 1519 797 1602 Georg.
823 1519 987 1584 Sohindler
1010 1526 1194 1584 natussum
1217 1519 1417 1584 Franoolurti

243 1625 286 1690 ad
308 1624 460 1690 Viadrum
483 1625 535 1690 siti
558 1625 610 1690 die
625 1625 745 1690 XVIII.
762 1645 860 1690 mens.
877 1625 960 1708 Aug.
984 1645 1067 1689 anno
1091 1625 1121 1691 11.
1139 1645 1164 1690 e.
1188 1626 1301 1690 LVIII.
1326 1633 1418 1710 patre

243 1733 435 1814 Hermanno,
465 1737 565 1796 matre
593 1732 696 1796 Maria
724 1738 858 1814 egente
887 1733 1073 1814 Hartmann‚
1104 1752 1183 1814 quos
1210 1732 1287 1797 mihi
1316 1741 1417 1798 morte

244 1843 368 1922 ereptos
391 1857 460 1903 esse
482 1838 575 1921 lugeo
603 1858 698 1920 quarn
721 1839 868 1902 maxime.
914 1837 1069 1903 Addictus
1091 1859 1161 1903 sum
1183 1838 1259 1904 fidei
1282 1859 1417 1922 evange-

243 1943 333 2010 lioae.
380 1944 589 2010 Undecimum
612 1965 728 2010 annum
752 1964 850 2028 agens
879 1944 912 2007 in
936 1944 1078 2026 quintam
1102 1945 1234 2010 olassem
1256 1946 1416 2028 gymnasii

243 2051 452 2116 Friderioiani
480 2050 751 2117 lhanoofurtensis
780 2057 924 2134 receptus
954 2071 1023 2115 sum
1058 2058 1089 2116 et
1122 2058 1192 2116 osto
1227 2072 1284 2135 per
1318 2071 1416 2117 annos

244 2156 337 2222 huius
359 2157 485 2223 scholae
508 2158 680 2241 discipulus
703 2158 759 2222 fui.

351 2263 390 2328 Α.
414 2263 444 2329 11.
462 2283 485 2329 s.
507 2265 669 2329 LXXVII.
694 2270 835 2347 tempore
857 2264 1000 2347 paschali
1024 2265 1214 2330 maturitatis
1237 2264 1416 2329 testimonio

244 2369 413 2435 instruotns
436 2369 553 2453 Lipsiis
581 2390 637 2453 per
664 2371 713 2434 his
740 2390 796 2434 sex
819 2390 943 2435 menses
967 2369 1048 2454 juris
1071 2371 1207 2436 Romani
1230 2369 1342 2435 studiis
1365 2370 1418 2435 de-

245 2477 329 2542 ditus
352 2496 431 2541 sum.
477 2477 558 2540 Tum
574 2476 754 2541 Berolinum
779 2476 854 2559 adii,
879 2482 914 2541 ut
936 2477 1130 2561 philologiae
1151 2496 1281 2560 operam
1296 2476 1416 2542 darem.

244 2582 375 2648 Soholas
413 2588 519 2648 autem
556 2582 770 2666 frequentavi,
811 2602 890 2665 quas
927 2583 1104 2648 hahuerunt
1131 2583 1192 2648 viri
1227 2582 1416 2648 doctissimi:

244 2689 378 2771 Curtius
403 2689 527 2771 Hermo,
550 2690 690 2771 Htllmer,
720 2690 862 2773 Kiepert,
892 2689 1068 2772 Kirohhoff,
1098 2690 1243 2772 Paulson,
1274 2689 1416 2771 Soherer,

244 2795 369 2877 Tobler,
393 2795 434 2860 de
457 2794 651 2878 Treitsohhe‚
669 2796 801 2878 Vahlen,
826 2797 938 2862 Zeller.
962 2834 1007 2842 —
1030 2797 1112 2861 Ante
1135 2796 1193 2862 hos
1216 2796 1295 2861 duos
1318 2815 1418 2860 annos

244 2901 343 2966 Hales
365 2901 526 2967 Saxonum
550 2922 601 2966 me
623 2902 739 2967 oontnli
767 2903 875 2984 ibique
901 2923 1001 2985 usque
1030 2902 1072 2967 ad
1100 2902 1160 2968 hoo
1187 2909 1311 2987 tempus
1333 2903 1419 2969 viros

245 3007 457 3073 doctissimos:
494 3007 725 3092 Dittenberger‚
750 3009 922 3092 Dummler‚
946 3009 1118 3091 Erdmann‚
1143 3008 1277 3092 Gosohe,
1300 3010 1416 3092 Haym,

244 3114 354 3197 Hiller,
385 3115 469 3196 Keil,
498 3114 619 3180 Zaeher
647 3114 766 3180 audivi.
789 3151 833 3162 -
861 3116 1027 3183 Seminarii
1058 3115 1241 3200 philologioi
1268 3135 1326 3199 per
1354 3115 1418 3180 duo

244 3221 408 3286 semestria
431 3220 477 3285 sui
501 3221 619 3286 sodalis
634 3221 826 3305 ordinarius,
850 3227 1015 3304 praeterea
1029 3222 1130 3287 Hiller
1145 3229 1177 3288 et
1192 3223 1266 3288 Keil
1282 3222 1418 3305 henigne

244 3327 462 3410 permiserunt,
487 3333 521 3392 ut
539 3327 741 3392 soeietatibus
758 3327 958 3411 philologieis
974 3328 1167 3394 interessem.
1203 3328 1324 3405 Quibus
1339 3327 1418 3393 viris

245 3434 390 3499 omnibus
412 3434 530 3517 optime
553 3433 593 3498 do
615 3453 667 3498 me
689 3434 809 3498 meritis
832 3434 955 3499 debitas
982 3435 1102 3518 gratias
1131 3454 1255 3518 semper
1283 3434 1417 3499 habebo.
