3228 5030
743 364 964 429 ..42-

375 541 537 619 Quaecum
559 543 606 607 ita
627 543 700 626 sint,
724 549 795 626 post
818 563 943 608 versum
968 545 985 606 7
1011 544 1044 608 in
1072 545 1187 609 lacuna
1209 563 1338 610 causam
1361 543 1443 608 indi-

267 652 372 712 catam
405 647 503 714 fuisse
536 655 629 732 puto,
665 669 729 731 qua
768 655 940 715 commotus
974 657 1070 733 poe'ta
1101 651 1260 734 Hecyram
1300 649 1442 715 nondum

267 753 381 819 iterum
404 754 599 821 vendiderat.
645 756 723 820 Eius
751 756 797 820 rei
826 761 932 822 autem
960 755 1039 822 duas
1069 775 1180 822 causas
1204 775 1272 822 esse
1300 757 1443 840 potuisse

268 861 429 945 existim03
453 882 528 927 nam
551 869 605 927 aut
627 863 794 928 Terentius
816 863 958 934 fabulam
980 863 1068 928 illam
1091 869 1186 928 antea
1204 861 1271 947 jam
1296 869 1443 927 exactam

268 985 370 1049 neque
392 969 510 1051 populo
524 970 691 1052 probatam
706 969 844 1034 vendere
861 969 987 1034 omnino
1003 989 1066 1034 non
1082 970 1194 1052 potuit,
1218 968 1319 1033 donec
1334 969 1442 1052 Scipio

267 1073 359 1138 ludos
381 1073 528 1140 funebres
551 1075 755 1140 celebrandos
777 1075 900 1140 curavit
922 1075 1127 1158 fabulamque
1148 1076 1251 1160 pretio
1274 1095 1330 1140 suo
1354 1076 1440 1160 emit,

267 1186 302 1246 ut
329 1180 478 1246 Terentio
506 1186 632 1264 gratum
666 1201 700 1247 se
732 1187 923 1266 praestaret,
959 1220 998 1230 -
1034 1189 1089 1247 aut
1121 1189 1217 1266 poet-a
1245 1182 1441 1247 comoediam

267 1294 435 1371 propterea
457 1287 491 1352 in
519 1307 646 1353 scenam
676 1308 739 1353 non
770 1288 872 1370 dedit,
909 1289 994 1371 quod
1028 1307 1152 1372 semper
1185 1308 1285 1354 novas
1319 1289 1444 1372 scripsit

267 1393 402 1458 fabulas.
449 1393 512 1459 Sed
535 1395 569 1459 in
593 1395 760 1462 Graeciam
787 1396 987 1480 profectus,¹)
1016 1395 1101 1478 quod
1122 1396 1183 1459 iter
1202 1394 1271 1479 jam
1294 1415 1369 1460 vere
1391 1395 1444 1460 vel

268 1507 389 1565 aestate
418 1521 447 1565 a.
471 1521 502 1565 u.
526 1521 553 1565 c.
577 1501 643 1566 594
672 1501 790 1566 factum
820 1522 888 1567 esse
917 1502 1079 1584 existimo,
1107 1502 1268 1585 Hecyram
1294 1502 1443 1567 Ambivio

267 1607 421 1690 Turpioni
445 1607 602 1691 agendam
626 1609 778 1691 permisit.
824 1609 989 1691 Equibus
1011 1608 1100 1691 illud,
1131 1607 1216 1690 quod
1242 1608 1345 1691 primo
1372 1608 1444 1674 loco

267 1713 369 1797 posui,
400 1713 524 1778 etiamsi
553 1734 663 1778 vemm
692 1724 769 1797 erat,
800 1721 906 1779 tamen
935 1714 995 1779 hoc
1022 1716 1091 1780 loco
1120 1714 1183 1779 dici
1211 1734 1275 1779 non
1302 1715 1444 1798 potuisse

268 1826 416 1904 apparet,
448 1819 505 1885 sed
520 1820 783 1887 verisimillimum
807 1827 863 1905 est,
888 1812 1171 1886 alteram'oausam
1193 1826 1265 1904 post
1279 1840 1405 1886 versum
1423 1822 1442 1884 7

268 1927 418 2010 scriptam
441 1925 548 1992 fuisse.
596 1927 796 2012 Quapropter
824 1928 969 1993 lacunam
998 1927 1042 1993 sic
1071 1928 1137 1992 lere
1161 1926 1351 2010 explendam
1374 1945 1444 1992 esse

268 2053 393 2099 censeo:

375 2176 462 2259 „Sed
484 2147 565 2242 alias
587 2195 711 2261 semper
733 2149 868 2260 scripsit,
892 2175 973 2240 hanc
995 2195 1058 2240 non
1081 2148 1225 2242 vendidit
1232 2196 1241 2258 ;

374 2301 411 2364 In
435 2274 603 2368 Gra'eciam
625 2321 708 2368 nunc
730 2273 809 2367 a'rbiit
834 2320 987 2382 suamque
1012 2273 1154 2366 fabulam

374 2395 501 2490 Intdrea
522 2427 620 2493 nostri
642 2399 762 2494 ddmini
786 2397 942 2491 commisi't
964 2411 1061 2491 fide.“

375 2585 440 2650 Sed
462 2606 558 2668 quam
582 2588 621 2652 ob
645 2607 711 2651 rem
727 2586 910 2652 Terentium
929 2584 997 2670 jam
1013 2605 1087 2651 vere
1110 2585 1162 2650 vel
1184 2590 1305 2650 aestate
1321 2605 1351 2650 a.
1365 2604 1395 2649 ιι.
1411 2604 1438 2649 o.

268 2690 334 2754 594
368 2691 401 2755 in
433 2693 600 2758 Graeciam
633 2693 809 2776 profectum
844 2712 912 2758 esse
947 2693 1140 2774 existimem,
1176 2711 1240 2756 non
1274 2698 1442 2756 auctumno

268 2797 410 2863 eiusdem
433 2798 517 2881 anni,
541 2805 576 2863 ut
591 2799 695 2865 adhuc
710 2800 770 2865 viri
787 2799 871 2864 docti
889 2797 1086 2883 judicabant,
1110 2797 1194 2862 infra
1210 2797 1440 2863 demonstrabo.

268 2903 359 2969 Nunc
381 2903 459 2970 illud
481 2926 578 2970 unum
601 2905 731 2971 addam:
759 2906 886 2971 ultimus
909 2925 1034 2987 quoque
1057 2904 1150 2970 huius
1171 2904 1295 2988 prologi
1318 2923 1442 2970 versus:

269 3009 371 3092 „alias
394 3012 552 3095 cognostis
581 3011 658 3095 eius,
688 3031 806 3094 quaeso
828 3011 910 3077 hanc
933 3011 1074 3076 noscite“
1103 3011 1145 3076 ad
1167 3011 1297 3076 Terenti
1327 3011 1387 3076 iter
1409 3011 1442 3075 in

269 3117 437 3182 Graeciam
463 3117 531 3202 jam
555 3119 673 3183 lactum
695 3124 837 3202 spectare
860 3118 994 3184 videtur.
1041 3119 1122 3182 Nam
1151 3118 1178 3182 si
1208 3124 1295 3182 actor
1323 3123 1442 3201 specta-

269 3228 353 3288 tores
383 3225 568 3307 alloquitur:
607 3225 709 3308 „alias
740 3225 865 3290 fabulas
893 3225 1100 3290 Terentianae
1134 3224 1307 3307 cognostis3
1345 3227 1443 3288 restat

269 3349 333 3394 una
354 3331 449 3396 modo
471 3332 599 3415 Hecyra
622 3330 725 3396 adhuc
748 3353 811 3396 non
834 3332 994 3415 cognita,“
1020 3369 1060 3378 —
1083 3331 1147 3395 illis
1168 3331 1274 3395 verbis
1297 3330 1357 3395 hoc
1379 3329 1441 3394 dici

268 3436 403 3520 videtur,
434 3438 584 3522 populum
607 3437 649 3502 ad
672 3444 794 3522 tempus
817 3458 917 3504 novas
939 3438 1063 3503 fabulas
1086 3437 1294 3503 Terentianus
1315 3443 1442 3520 praeter

268 3544 427 3627 Hecyram
456 3564 519 3609 non
548 3550 760 3628 spectatorum
790 3565 868 3610 esse.
921 3544 1014 3623 Quod
1048 3551 1114 3609 tum
1148 3542 1242 3608 modo
1272 3542 1344 3627 jure
1379 3543 1441 3608 dici

268 3655 402 3733 poterat,
426 3650 454 3714 si
468 3651 635 3716 Terentius
653 3650 722 3735 jam
736 3652 771 3716 in
786 3653 953 3718 Graeciam
968 3650 1128 3736 profectus
1144 3656 1227 3734 erat,
1250 3670 1442 3732 quamquam

267 3755 328 3822 hoc
350 3775 407 3839 pro
430 3762 515 3822 certo
539 3757 607 3822 eius
629 3758 675 3822 rei
698 3765 883 3841 argumento
909 3758 1020 3824 haberi
1043 3757 1126 3823 nolo.

375 3899 448 3965 Jam
471 3906 542 3984 post
564 3919 673 3965 versus
695 3900 766 3965 illos
795 3899 958 3984 aptissime
986 3905 1144 3984 ponuntur
1166 3899 1441 3964 Heautontimoru-

268 4005 353 4070 meni
375 4005 455 4088 prol.
479 4025 588 4072 versus
613 4007 642 4090 7,
667 4007 697 4090 8,
721 4009 753 4090 9,
783 4026 861 4089 quos
890 4007 942 4072 hic
968 4005 1151 4073 inserendos
1175 4024 1244 4072 esse
1266 4005 1442 4089 suspicatus

269 4118 317 4176 est
338 4111 543 4192 Daiatako²):

379 4326 396 4392 ¹)
431 4325 466 4381 cf.
484 4329 560 4396 „vita
578 4324 761 4385 Suetoniana“
779 4346 807 4398 p.
826 4331 862 4384 32
880 4328 923 4384 od.
941 4327 1137 4384 Reifcrscheid.

377 4449 396 4518 Ι)
432 4451 492 4523 „De
510 4452 578 4526 prol.
597 4453 708 4510 Terent.
726 4457 754 4510 et
771 4454 860 4510 Plaut.
878 4455 984 4524 quaest.
1003 4447 1070 4508 sel.“
1097 4453 1184 4507 Bonn.
1204 4452 1320 4522 18631).
1339 4452 1443 4508 5-12.
