3228 5030
650 377 872 441 ..19-

174 559 299 626 familia
320 577 395 624 usos
418 560 526 644 essc.¹)
572 557 627 622 Sic
653 573 779 638 quoque
805 572 857 618 res
886 571 921 618 se
943 552 1040 619 habet
1061 552 1143 616 Eun.
1168 550 1215 632 V,
1241 552 1271 632 2,
1295 547 1349 632 44,

174 668 228 733 ubi
252 666 425 732 Bembinus
447 665 509 748 „ab
533 664 604 745 isto,
629 663 706 727 era“
727 661 869 744 praebet,
893 659 1070 725 Arusianus
1098 663 1131 723 et
1151 656 1351 722 Victorianus

177 775 239 858 „ab
263 774 323 838 isto
350 772 521 852 chaerea“,
545 769 719 853 Calliopius
742 775 848 832 autem
872 767 934 849 „ab
957 765 1041 830 istoc
1068 765 1155 830 era“.
1178 800 1223 809 —
1245 762 1352 827 Etiam

176 879 239 945 Ad.
252 880 300 961 V.,
318 880 348 962 8,
367 880 408 943 26
425 878 580 960 scriptura
595 874 716 958 „fcris“
732 872 881 939 Arusiani
904 878 935 937 et
950 870 1133 952 Victoriani,
1158 889 1242 952 quae
1257 874 1353 934 antea

177 987 210 1050 in
226 984 386 1050 codicibus
401 982 592 1048 recensionis
604 981 736 1064 Galliop.
750 979 854 1044 suerat
872 975 917 1065 [P.
923 979 943 1060 ¹,
956 974 1030 1063 O.¹],
1048 975 1217 1042 alibrariis
1233 972 1352 1062 [arohe-

177 1098 289 1176 typum
304 1089 453 1173 Calliopii
475 1084 734 1174 describentibus]
758 1091 881 1150 mutata
904 1083 1007 1149 estin
1028 1082 1158 1168 „foras“
1182 1079 1255 1169 [P.²,
1278 1078 1351 1167 cri.

284 1251 358 1317 Jam
381 1249 467 1314 idem
489 1247 632 1332 intellegi
655 1251 759 1330 potest
782 1264 822 1310 cx

178 1375 260 1439 Eun.
285 1373 334 1456 V.,
360 1377 390 1455 ss,
419 1373 472 1436 19:
497 1371 606 1455 „qnod
627 1368 832 1435 minitaris“
856 1366 948 1432 Arus.

496 1477 604 1561 „quod
625 1476 814 1541 minitare“
858 1475 896 1539 R.
920 1472 998 1538 call.

223 1643 225 1650 ,
605 1583 771 1666 „minare“
860 1579 928 1645 rell.

172 1671 211 1757 ¹et
234 1711 275 1756 cx
297 1691 373 1755 Hoc.
390 1690 455 1771 lv,
473 1690 503 1772 4,
522 1690 579 1753 64:
604 1688 715 1771 „oravi
739 1693 843 1752 tecum
865 1706 996 1751 uxorem
1019 1686 1171 1752 dueeres“
1195 1706 1257 1752 om.
1274 1686 1353 1769 „nt“

177 1797 363 1879 Arusianus,
387 1795 599 1879 suprascripto
622 1795 701 1877 „ut“
723 1793 895 1888 Rarisinns.
950 1815 952 1820 ·

286 1937 486 2020 Quamquam
509 1941 616 2001 autem
639 1933 743 2000 adhuc
765 1953 829 1998 non
851 1939 982 2017 constat,
1005 1953 1067 2017 quo
1083 1940 1225 2018 tempore
1240 1934 1354 2002 Oallio·

180 2046 252 2129 pius
274 2043 404 2109 Terenti
432 2042 557 2108 fabulas
586 2039 831 2125 ,‚recensuerit“,
861 2045 980 2105 eertum
1011 2046 1058 2105 est
1084 2041 1172 2106 illam
1201 2042 1354 2108 recensio·

179 2171 252 2217 nem
287 2149 406 2215 factam
440 2169 504 2213 non
538 2167 622 2230 csse,
659 2153 829 2229 antequam
864 2145 1002 2230 codices,
1038 2167 1118 2232 quos
1144 2143 1319 2213 Arusianus
1328 2149 1352 2232 ¹)
1416 2197 1420 2204 .

179 2257 362 2340 usurpabat,
386 2255 494 2338 scripti
517 2260 600 2320 sunt.

287 2397 399 2479 Itaque
422 2395 528 2480 colligi
551 2401 683 2479 possunt
704 2394 799 2460 baec:

235 2522 263 2587 1.
288 2520 456 2586 Primum
479 2518 670 2602 calliopium
693 2519 736 2584 ad
758 2518 983 2584 recensendum
1006 2519 1104 2585 libros
1124 2520 1355 2604 manuscriptos

286 2626 479 2708 adhibuisse,
509 2625 564 2707 qni
593 2624 636 2689 ad
663 2622 797 2690 eandem
825 2624 980 2691 familiam
1008 2626 1227 2709 pertinuerunt
1260 2633 1356 2709 atque

285 2733 360 2797 libri
382 2731 543 2798 Arusiani.

234 2873 265 2937 2.
288 2870 441 2936 Deinde
455 2891 519 2936 non
534 2868 628 2935 modo
644 2869 716 2935 illas
731 2870 889 2954 lectiones,
907 2891 986 2954 quas
997 2874 1173 2940 Arusianus
1189 2880 1220 2939 et
1232 2874 1356 2941 codices

288 2975 479 3061 Galliopiani
506 2977 669 3060 praebent,
699 2975 756 3042 sed
783 2977 880 3041 etiarn
907 2999 1058 3061 magnam
1085 2987 1209 3064 partem
1236 3000 1354 3064 earum,

288 3103 371 3167 qnae
395 3089 426 3149 et
448 3083 481 3148 in
495 3082 678 3148 Victoriana
702 3089 734 3147 et
755 3082 788 3147 in
809 3083 898 3149 libris
914 3083 1119 3168 Galliopianis
1136 3093 1261 3170 extant,
1285 3108 1357 3171 pro-

287 3190 388 3256 fectas
417 3209 485 3256 esse
517 3209 592 3255 non
622 3210 667 3256 ex
695 3189 923 3255 recensione
949 3189 1188 3277 Oalliopii,²)
1224 3191 1281 3259 scd
1314 3214 1356 3259 ex

216 3339 219 3344 -
287 3295 375 3362 fonte
398 3295 536 3379 quodam
561 3302 592 3360 et
614 3295 772 3360 Arusianc
793 3301 827 3359 et
849 3295 1004 3380 Galliopio
1029 3304 1060 3363 et
1086 3298 1215 3365 librario
1239 3300 1357 3367 codicis

286 3403 460 3468 Victoriani
482 3404 650 3469 communi.

234 3545 265 3610 3.
288 3548 525 3613 Postremum
539 3545 714 3610 maximam
729 3552 852 3630 partem
869 3545 1048 3630 lectionum,
1066 3565 1146 3629 quas
1157 3546 1357 3615 Victorianus

288 3652 375 3717 solus
397 3657 507 3716 contra
529 3671 638 3718 omnes
661 3651 800 3734 exhibet,
824 3652 983 3736 pertinere
1010 3652 1053 3718 ad
1079 3652 1235 3719 familiam
1262 3655 1357 3722 libro·

291 3863 309 3931 ¹)
345 3863 378 3920 cf.
397 3882 424 3935 p.
443 3868 487 3921 96.

289 3987 309 4054 ¹)
346 3989 513 4046 Arusiauum
531 3995 648 4045 aetatem
667 3991 755 4060 egisse
777 3995 874 4060 quarto
897 3992 1009 4047 saeculo
1032 3997 1148 4048 exeunte
1171 3997 1286 4050 constat.
1322 3993 1356 4050 cf.

181 4078 244 4133 Keil
262 4075 347 4147 praef.
366 4095 392 4147 p.
411 4079 473 4134 447.

290 4199 310 4266 8>
347 4201 486 4258 Librarius
504 4203 588 4272 igitur
605 4203 758 4258 Victoriani
781 4219 876 4260 omncs
898 4205 959 4259 illas
981 4204 1111 4259 lectiones
1134 4220 1188 4260 non
1206 4205 1234 4259 iu
1252 4210 1356 4261 textum

182 4291 286 4360 recepit
308 4306 343 4345 er
361 4291 464 4360 codice,
491 4292 538 4360 qui
561 4291 712 4360 „integram
735 4293 919 4348 recensionem
937 4292 1134 4362 Galliopianam
1157 4290 1305 4354 exhibuit‘.
1327 4299 1359 4349 ut

182 4376 399 4447 Umplenbachio
417 4379 538 4451 videtur3
565 4379 615 4434 sed
632 4384 662 4435 et
678 4379 724 4434 ille
742 4385 770 4435 et
788 4380 938 4449 calliopius
956 4381 1051 4436 eodem
1070 4380 1218 4452 archetypo
1236 4383 1277 4438 rui
1295 4387 1359 4438 sunt

184 4462 238 4533 [vel
256 4467 333 4523 libris
351 4483 385 4523 ex
403 4467 499 4523 ecdem
517 4466 665 4538 archetypo
684 4465 792 4534 ductis].
891 4473 894 4482 '

1143 4571 1177 4630 2*
