3228 5030
768 390 984 455 ...48-

288 569 371 633 Heo.
388 569 468 652 prol.
484 589 514 634 v.
532 569 567 632 2:
591 568 715 652 „Sinite
739 575 885 633 exorator
907 568 976 650 sim,
1002 568 1113 633 eodem
1140 576 1172 632 ut
1190 567 1263 652 jure
1285 569 1332 633 uti
1355 589 1477 634 senem

591 674 709 756 Liceat,
734 694 797 757 quo
816 672 888 758 jure
911 693 986 739 usus
1009 694 1079 739 sum
1102 675 1365 740 adulescentior.“

288 781 423 846 Heaut.
441 781 520 865 prol.
536 803 566 846 v.
588 781 655 866 ll2:
681 781 826 864 „Nequoi
842 781 883 846 sit
898 775 1036 846 vostrum
1055 781 1168 846 mirum
1185 803 1263 864 quor
1277 782 1379 865 partis
1395 781 1476 846 seni

683 892 781 954 Poeta
803 887 936 971 dederit,
969 908 1051 970 quse
1080 895 1153 952 sunt
1181 888 1476 954 adulescentium.“

288 1188 375 1253 Heo.
399 1188 479 1271 prol.
502 1209 533 1254 v.
559 1189 617 1252 20:
641 1190 754 1272 „Nunc
776 1188 853 1271 quid
876 1196 992 1273 petam,
1016 1209 1088 1255 mea
1111 1209 1332 1271 caussaeque
1356 1190 1473 1254 animo
1578 1151 1579 1180 ἶ

1297 1296 1470 1360 attendite.

288 1400 398 1466 Phor.
422 1401 501 1484 prol.
527 1400 585 1464 24:
614 1401 735 1483 „Nunc
760 1401 838 1483 quid
860 1401 966 1485 velim,
991 1403 1128 1468 animum
1154 1402 1340 1468 attenditc.“

288 1703 376 1767 Hco.
393 1702 472 1785 prol.
489 1723 519 1767 v.
537 1702 574 1766 4:
598 1703 692 1784 „Mea
713 1722 809 1767 causa
830 1721 957 1766 causam
980 1703 1112 1787 accipite
1129 1710 1160 1768 et
1181 1679 1471 1769 datesilentium.“

287 1809 424 1872 Hesut.
454 1809 533 1890 prol.
564 1829 594 1871 v.
625 1809 684 1871 41:
724 1809 817 1889 „Mea
846 1828 942 1873 causa
969 1829 1097 1873 causam
1128 1809 1210 1874 hanc
1239 1808 1358 1893 justam
1394 1830 1470 1876 osse
1578 1891 1579 1896 ἵ

1127 1916 1268 1980 animum
1290 1916 1469 1982 inducite.“

768 2165 979 2172 ψ*

395 2375 459 2441 Sed
486 2375 513 2439 si
541 2375 716 2439 accuratius
744 2375 816 2439 illos
849 2376 934 2440 locos
963 2377 1227 2460 contemplamur,
1263 2378 1343 2443 illud
1377 2378 1465 2460 quod

287 2502 383 2566 supra
417 2481 500 2563 dixi,
535 2499 644 2544 verum
680 2500 749 2545 esse
782 2480 969 2547 videbimus.
1021 2483 1103 2548 Nam
1137 2489 1233 2568 poeta
1267 2483 1394 2567 quidem
1429 2485 1465 2549 in

287 2591 401 2654 Heaut.
425 2588 504 2670 prol.
528 2607 557 2652 v.
586 2587 621 2649 ll
650 2593 786 2651 actorem
811 2587 965 2652 dicentem
988 2590 1078 2653 fecit:
1118 2596 1296 2672 „oratorem
1319 2611 1370 2656 me
1394 2610 1464 2656 esse

287 2695 388 2760 voluit
412 2690 572 2780 [poeta]“;
611 2693 644 2757 in
666 2700 773 2758 nostro
796 2700 901 2758 sutem
929 2696 1061 2779 prologo
1091 2703 1178 2760 ector
1207 2697 1298 2762 dicit:
1334 2704 1464 2780 „orator

288 2800 485 2864 -venio“.
503 2799 715 2864 -Similiter
739 2819 863 2881 quoque
886 2820 936 2865 res
959 2821 993 2866 se
1016 2802 1111 2866 habet
1134 2803 1233 2867 altero
1248 2803 1327 2885 loco,
1347 2805 1463 2868 Heaut.

288 2907 366 2991 prol.
383 2926 436 2970 vv.
456 2908 471 2969 1
491 2911 522 2969 ot
538 2906 568 2987 2,
593 2906 647 2969 ubi
670 2905 836 2970 Terentius
859 2907 998 2989 scripsit:
1023 2927 1124 2989 „quor
1140 2909 1239 2990 partis
1254 2909 1322 2973 seni
1345 2915 1465 2992 potita

288 3013 419 3094 dederit,
444 3031 526 3094 quae
549 3018 621 3075 sunt
643 3010 929 3094 adulescentium“;
961 3013 994 3076 in
1016 3014 1161 3097 Hecyrae
1185 3020 1290 3078 autem
1313 3016 1461 3098 prologo:

287 3119 422 3203 „eodem
444 3124 480 3182 ut
498 3116 569 3201 jure
597 3118 655 3182 uti
683 3137 813 3182 senem
839 3118 976 3200 liceat,
1009 3138 1071 3200 quo
1090 3118 1163 3202 jure
1185 3140 1259 3185 usus
1283 3140 1364 3184 sum
1388 3119 1464 3184 ado-

287 3225 484 3290 lescentior“.
508 3261 553 3268 —
581 3224 651 3288 Huc
678 3230 821 3307 spectant
850 3225 947 3288 etiam
975 3224 1089 3289 Heaut.
1120 3225 1199 3308 prol.
1229 3246 1260 3290 v.
1295 3228 1349 3290 12:
1390 3247 1464 3309 „me

287 3338 425 3396 actorem
448 3330 536 3395 dedit
560 3327 699 3417 [poeta]“
716 3335 747 3395 ct
762 3351 793 3396 v.
815 3330 869 3393 15:
894 3329 970 3412 „qui
987 3331 1159 3395 orationem
1178 3330 1259 3395 hanc
1282 3331 1460 3415 scripsit,

287 3457 382 3520 quam
411 3436 549 3501 dicturus
578 3438 681 3501 sum“
693 3435 716 3520 ¹)
763 3435 825 3500 Gur
855 3436 974 3517 aliquid
1003 3437 1105 3500 simile
1134 3437 1167 3500 in
1195 3442 1302 3502 nostro
1330 3439 1462 3521 prologo

287 3564 350 3608 non
372 3545 480 3608 extat?
503 3543 658 3607 Nimirum
681 3542 766 3624 quod
781 3543 951 3608 Heoutont.
968 3543 1132 3624 prologum
1149 3543 1314 3609 Ambivius
1335 3544 1463 3625 quidem

286 3649 513 3735 pronuntiavit,
543 3649 709 3714 Terentius
732 3655 838 3714 eutem
868 3648 1007 3731 scripsit3
1047 3648 1104 3713 scd
1132 3655 1272 3714 nostrum
1296 3651 1463 3716 Ambivius

287 3757 357 3839 ipse
381 3761 412 3820 et
434 3755 650 3839 pronuntiavit
674 3761 705 3819 et
727 3755 861 3838 scripsit.
1233 3739 1237 3747 ’

397 3936 415 3998 ¹)
452 3935 590 3988 Bcntleius
617 3934 725 4003 quidem
753 3938 832 4002 putat
853 3933 939 3988 verbs
965 3934 1012 3988 illa
1039 3938 1164 4002 spectare
1191 3935 1226 3989 ad
1257 3940 1362 4004 portes,
1394 3951 1463 4004 quus

287 4024 433 4080 Ambivius
451 4025 479 4077 in
498 4021 591 4078 subula
609 4024 670 4091 ipsa
682 4027 858 4091 suscepturus
870 4023 912 4076 sit.
942 4022 998 4076 Sed
1013 4022 1110 4077 verba:
1131 4025 1195 4092 „qui
1213 4025 1361 4078 oraticnem
1378 4023 1463 4079 lranc

287 4115 403 4182 scripsit,
424 4129 505 4182 quem
524 4112 678 4166 dicturus
702 4105 791 4165 sum“
810 4126 858 4179 per·
876 4125 906 4164 sc
925 4110 960 4164 dc
979 4111 1084 4179 prologi
1103 4115 1209 4164 tantum
1228 4112 1352 4179 portibus
1370 4113 1463 4166 viden·

288 4209 334 4256 tur
353 4203 407 4256 dici
425 4217 518 4270 posse3
546 4201 659 4254 sienim
686 4201 733 4254 illc
751 4198 836 4253 verba
864 4199 900 4252 ad
928 4204 1019 4266 partes
1047 4199 1074 4252 in
1099 4200 1206 4253 actione
1235 4201 1295 4267 ipsc
1321 4204 1462 4268 susceptus

287 4291 459 4360 pertinerent,
487 4293 544 4342 tum
571 4288 745 4343 scribendum
773 4292 842 4342 crat:
875 4289 939 4355 „qui
964 4286 1111 4340 orationem
1137 4287 1210 4340 illam
1238 4288 1351 4372 scripsit,
1380 4303 1462 4356 quam

288 4372 395 4434 dicam“
415 4383 465 4432 cet
485 4405 519 4416 -·
538 4377 683 4432 Praeterea
701 4392 797 4431 vocem
816 4369 999 4444 „orationem‘
1019 4379 1143 4442 spectare
1162 4376 1198 4429 ad
1216 4375 1284 4430 illud
1302 4377 1375 4444 quod
1388 4381 1461 4430 ante-

288 4468 360 4524 cedit
378 4471 564 4535 „oratorcm
582 4481 626 4519 me
645 4480 702 4520 csse
720 4460 823 4520 voluit“
844 4461 878 4528 [v.
903 4459 944 4528 11]
964 4479 1043 4516 nemo
1065 4479 1116 4517 non
1135 4464 1219 4518 videt.
