3228 5030
751 362 973 427 „32-

275 561 339 606 non
361 547 473 625 potest
498 577 542 587 -
564 539 791 605 Wilmannsius
819 539 917 623 igitur
939 538 1109 623 Adelphon
1131 541 1268 624 primam
1292 542 1475 606 actionem

276 646 374 712 fuisse
408 645 619 711 arbitrabatur
652 645 735 710 inter
764 645 910 729 Hecyrae
944 646 1080 729 primam
1112 653 1144 711 et
1173 647 1476 712 Heautontimoru-

276 753 361 818 meni
384 752 550 834 actionem,
574 751 845 819 Paeckelmannus
868 758 974 817 autem
996 753 1077 817 inter
1093 752 1235 818 Andriae
1257 759 1288 818 et
1303 754 1475 838 Hecyrae

276 859 443 924 actionem.
488 858 633 922 Donatus
655 857 740 922 enim
768 857 802 921 in
828 856 998 940 Adelphon
1025 855 1225 942 praefatione
1252 858 1472 924 haecdicit:

277 965 387 1048 „Haeo
398 984 474 1029 sane
487 970 559 1028 acta
570 970 618 1030 est
629 963 713 1028 ludis
724 962 908 1028 funebribus
919 963 1223 1033 L.AemiliiPauli“.
1240 965 1322 1030 Aliis
1334 965 1475 1030 deinde

277 1069 533 1135 adnotationibus
561 1069 754 1154 interpositis
788 1069 868 1134 haec
901 1077 1084 1151 sequuntur:
1125 1071 1238 1154 „Hanc
1272 1070 1383 1137 dicunt
1422 1093 1473 1138 ex

276 1176 477 1242 Terentianis
499 1175 667 1241 secundo
687 1176 755 1240 loco
772 1181 886 1257 aotam,
903 1175 998 1240 etiam
1015 1184 1082 1242 tum
1096 1176 1168 1242 rudi
1184 1177 1311 1243 nomine
1325 1185 1471 1263 poetae,

276 1282 385 1364 itaque
418 1283 464 1348 sic
496 1282 747 1366 pronuntiatam:
786 1280 974 1364 „Adelphoe
1010 1283 1171 1366 Terenti‘,
1207 1304 1271 1349 non
1299 1285 1469 1367 „Terenti

272 1388 478 1472 ¹Adelphoe“:
503 1388 590 1470 quod
612 1386 716 1453 adhuc
737 1388 841 1470 magis
863 1387 904 1453 de
926 1387 1054 1453 fabulae
1076 1390 1204 1455 nominc
1226 1397 1330 1473 poeta,
1354 1397 1470 1472 quani

277 1494 318 1560 de
347 1501 460 1578 poetae
486 1494 613 1559 nomine
639 1493 749 1559 fabula
777 1494 1087 1560 commendabatur“.
1135 1494 1225 1572 Quae
1253 1496 1352 1562 verba
1373 1497 1468 1561 Wil-

277 1601 438 1666 mannsius
461 1608 493 1666 et
515 1600 786 1665 Paeokelmannus
811 1619 960 1682 perverse
988 1601 1244 1685 interpretantur,
1276 1601 1354 1667 illud
1381 1622 1466 1685 „se

277 1706 379 1773 cundo
413 1707 482 1772 loco
517 1707 642 1771 aotam“
676 1704 848 1770 referentes
879 1706 924 1771 ad
957 1707 1094 1789 priorem
1129 1707 1257 1773 fabulae
1295 1708 1465 1774 actionem

276 1820 444 1897 postquam
467 1812 589 1877 Andria
611 1812 715 1896 prima
737 1813 771 1878 in
793 1833 921 1877 scenam
943 1813 1020 1877 data
1042 1816 1129 1896 est.¹)

383 1954 449 2021 Sed
471 1954 647 2037 Wagnerus
670 1950 787 2040 [annal.
809 1954 961 2037 philolog.
988 1955 1072 2018 1865
1095 1974 1127 2037 p.
1145 1952 1282 2042 289s90]
1306 1961 1339 2020 et
1353 1957 1462 2022 Bosse

279 2058 320 2147 [p.
347 2062 367 2124 5
391 2056 450 2147 sq.]
486 2059 793 2141 demonstraverunt,
825 2059 904 2124 illud
932 2059 1090 2142 „seeundo
1119 2060 1210 2124 loco“
1239 2045 1383 2144 spectare
1410 2062 1460 2127 ad

278 2166 420 2232 ordinem
454 2164 687 2248 alphabeticum
722 2166 754 2229 in
789 2165 905 2230 fabulis
939 2164 1130 2230 collocandis
1164 2165 1357 2250 adhibitum,
1396 2169 1458 2250 qui

278 2272 375 2337 etiam
397 2271 430 2336 in
452 2271 571 2336 Donati
594 2271 818 2335 commentario
843 2277 875 2335 et
896 2271 1004 2336 codice
1026 2271 1207 2336 Victoriano
1232 2279 1264 2337 et
1278 2275 1456 2339 Decurtato

278 2384 415 2444 extaret:
439 2376 592 2461 „Andria
615 2376 790 2460 Adelphos,
807 2375 986 2460 Eunuchus,
1011 2378 1152 2460 Formio,
1176 2378 1456 2446 Heautontimoru-

277 2504 398 2568 merrus,
422 2483 610 2567 Hecyra“.²)

385 2626 450 2691 Sed
483 2630 553 2691 utut
585 2623 666 2689 haec
698 2643 748 2688 res
782 2643 817 2688 se
851 2623 960 2705 habet,
999 2631 1084 2690 certe
1111 2627 1210 2690 verba
1235 2627 1354 2691 Donati
1388 2647 1455 2692 non

278 2737 422 2815 spectant
453 2730 496 2795 ad
523 2730 659 2814 primam
687 2730 774 2793 illam
805 2729 974 2812 Adelphon
1004 2731 1161 2795 actionem
1192 2752 1212 2795 a
1241 2712 1453 2798 Wilmannsio

279 2845 311 2903 et
339 2838 600 2906 Paeckelmanno·
627 2835 839 2901 constitutam.
896 2836 978 2900 Nam
1010 2837 1087 2900 satis
1120 2837 1326 2918 probabiliter
1352 2839 1453 2904 Bosse

281 2940 322 3031 [p.
343 2944 363 3008 9
387 2941 468 3030 squ]
493 2943 639 3026 ostendit,
663 2942 845 3025 „Donatum
868 2941 901 3005 in
925 2940 1107 3006 didascaliis
1122 2942 1283 3025 Adelphos
1308 2964 1373 3009 non
1393 2964 1452 3029 pro

279 3050 417 3116 secunda
433 3049 542 3114 fabula
557 3053 754 3114 numeratam
776 3047 944 3130 invenisse,
968 3047 1072 3130 ipsum
1095 3055 1201 3113 autem
1224 3047 1306 3114 hanc
1329 3056 1452 3115 senten·

157 3155 160 3162 ’
278 3157 366 3239 tiam,
397 3176 468 3222 oum
492 3175 562 3220 eam
589 3154 672 3220 falsa
698 3153 971 3238 argumentatione
1000 3161 1173 3220 commotus
1202 3157 1360 3240 probaret,
1388 3177 1452 3222 non

390 3335 407 3400 1)
442 3335 636 3391 Wilmannsius
663 3333 852 3400 existimabat,
880 3331 1021 3401 Adelphos
1052 3335 1168 3401 primum
1195 3335 1223 3387 in
1253 3349 1361 3389 scenam
1393 3350 1452 3390 esse

280 3426 372 3482 datam
390 3429 452 3494 post
473 3423 588 3492 primam
606 3423 730 3492 Hecyrae
754 3421 902 3489 actionem3
933 3436 1096 3489 quamquam
1119 3428 1209 3476 autem
1232 3427 1290 3476 tum
1308 3422 1452 3491 Adelphoe

280 3529 333 3570 non
352 3513 507 3579 secundum,
527 3510 575 3565 sed
593 3511 702 3565 tertium
719 3511 809 3565 locum
828 3509 940 3577 obtinet,
964 3509 1069 3563 Andria
1092 3515 1119 3564 et
1142 3511 1250 3580 Hecyra
1272 3515 1354 3564 antea
1376 3511 1451 3578 actis,

280 3607 372 3658 minen
389 3602 472 3656 etiam
489 3599 541 3653 hoc
559 3600 680 3653 excusari
698 3602 802 3667 potest3
823 3597 999 3652 Wilmnnnsio
1018 3598 1089 3650 enim
1106 3599 1217 3669 Hecyra
1239 3615 1263 3653 a
1282 3599 1336 3653 589
1355 3603 1453 3653 exacta

280 3691 309 3746 in
331 3691 452 3746 ordinem
475 3689 611 3743 actionum
634 3687 759 3741 Terentio
782 3687 846 3740 vivo
873 3683 1006 3740 factamm
1033 3701 1087 3740 non
1114 3692 1222 3755 recepta
1249 3686 1358 3742 videtur
1385 3703 1452 3742 esse.

388 3830 408 3896 ²)
445 3831 570 3886 Fortasse
597 3834 688 3883 tamen
712 3828 812 3882 Donati
839 3826 925 3882 verba
952 3827 1034 3881 etiam
1061 3827 1096 3882 de
1123 3829 1209 3883 altera
1236 3829 1283 3884 illa
1306 3827 1453 3897 Adelphon

280 3922 395 3987 actione,
420 3921 455 3976 de
477 3934 531 3988 qua
553 3918 744 3986 grammaticus
766 3917 794 3970 in
816 3915 926 3970 fabulae
943 3914 1112 3984 praefatione
1134 3917 1247 3982 disserit,
1271 3916 1454 3984 intellegenda

281 4015 309 4066 et
327 4009 364 4064 ad
381 4008 503 4064 ordinem
521 4004 673 4061 fabularum
691 4011 748 4059 tum
767 4011 889 4059 actarum
907 4002 1046 4058 referenda
1064 4009 1135 4072 sunt,
1154 4010 1186 4058 ut
1203 4005 1270 4060 haec
1287 4003 1452 4074 significent:

281 4098 384 4168 „Ludis
406 4094 563 4150 funebribus
585 4096 617 4149 L.
635 4092 745 4148 Aemilii
763 4094 840 4148 Pauli
864 4109 898 4147 ex
919 4092 1088 4147 Terentionis
1110 4091 1217 4158 fabulis,
1246 4109 1317 4162 quae
1339 4099 1404 4147 tunc
1425 4093 1454 4146 in

281 4202 389 4244 socnam
407 4184 549 4249 dabantur,
568 4181 671 4238 scilicet
681 4183 789 4252 Hecyra
807 4187 835 4236 et
846 4179 997 4248 Adelphoe,
1016 4186 1077 4236 acta
1095 4187 1136 4236 est
1147 4181 1290 4250 Adelphoe
1308 4182 1454 4236 secundo

281 4277 368 4341 loco,
388 4273 496 4344 Hecyra
513 4267 626 4340 primo“.
645 4299 679 4308 -
697 4271 767 4324 'lum
785 4268 1009 4324 Pseudodonatus
1028 4270 1075 4324 illa
1092 4269 1178 4324 verba
1196 4270 1230 4324 de
1248 4271 1320 4324 tituli
1337 4284 1454 4338 pronun-

281 4363 396 4419 tiatione
413 4361 537 4429 inseruit3
568 4375 638 4429 quae
656 4358 770 4427 sumpsit
792 4373 826 4412 ex
849 4358 902 4412 alio
920 4357 1022 4412 Donati
1039 4359 1112 4425 loco,
1140 4358 1187 4426 qui
1211 4362 1287 4412 extat
1308 4358 1336 4412 in
1358 4356 1453 4425 fragm.

282 4453 317 4507 de
335 4455 406 4520 treg.
424 4453 452 4504 et
469 4463 538 4504 com.
558 4445 595 4516 [p.
613 4447 716 4504 xvffl.
735 4447 777 4502 ed.
796 4443 896 4512 Klotcl.
