3228 5030
759 389 974 452 -20..

385 588 455 633 rum
492 565 642 630 Arusiani
684 565 820 648 ideoque
862 565 1082 630 auctoritatem
1130 565 1243 631 tertiae
1287 564 1464 631 cuiusdam

385 673 528 738 familiae
555 679 680 755 praeter
707 672 895 736 Bembinum
923 676 955 735 et
982 670 1106 736 codices
1133 670 1347 754 Galliopianos
1377 690 1465 755 prae

385 799 420 845 se
442 780 534 844 ferre.

386 921 451 987 Sed
466 940 537 985 oum
551 921 585 983 in
600 918 781 984 Victoriano
796 919 896 984 multa
911 938 951 983 ex
967 917 1114 1000 Galliopii
1130 918 1312 984 recensione
1329 925 1466 984 mutata

280 1035 311 1094 et
339 1005 478 1093 correcta
505 1028 577 1108 sint,
608 1025 783 1108 putandum
810 1031 866 1108 est,
895 1025 1057 1090 librarium
1086 1024 1251 1109 archetypi
1277 1025 1464 1090 Victoriani

279 1141 405 1218 praeter
428 1133 524 1198 libros
547 1153 587 1198 ex
610 1152 650 1197 ea
671 1131 795 1196 familia
817 1132 936 1214 ductos,
961 1151 1056 1213 quam
1078 1131 1255 1196 Arusianus
1277 1132 1464 1216 usurpavit,

280 1241 377 1306 etiam
413 1239 553 1304 codicem
584 1239 722 1320 aliquem
760 1258 798 1302 ox
830 1239 1011 1303 recensione
1042 1236 1240 1324 Galliopiana
1277 1238 1465 1322 proiectum

281 1347 476 1428 adhibuisse3
515 1344 549 1409 id
579 1363 654 1410 vero
691 1363 840 1427 pernego,
880 1344 965 1426 quod
992 1343 1263 1427 Umpfenbachius
1294 1344 1466 1409 existimat

283 1451 396 1540 [praef.
420 1473 450 1535 p.
475 1448 562 1537 XX]
596 1449 681 1534 ,pam
711 1449 882 1532 exemplar,
912 1470 952 1515 ex
975 1469 1037 1532 quo
1062 1449 1162 1514 codex
1184 1450 1223 1515 D.
1249 1451 1465 1535 transcriptus

282 1566 338 1643 cst,
365 1558 580 1624 recensionem
611 1557 802 1639 integram
830 1555 1060 1640 Calliopianam
1081 1555 1261 1621 exhibuisse
1282 1563 1464 1622 correctam

282 1687 322 1730 ox
345 1666 532 1747 Donato“.¹)
1457 1669 1467 1686 '

387 1807 526 1873 Primum
551 1805 635 1870 onim
658 1824 698 1868 cx
721 1824 768 1886 eo,
799 1803 884 1885 quod
906 1802 1106 1869 Victorianus
1129 1803 1275 1886 Galliopii
1299 1803 1463 1887 subscrip-

281 1914 399 1979 tionem
428 1913 497 1995 ipse
525 1917 657 1976 testatur
689 1907 740 1997 [cf.
770 1909 939 1992 Umpfenb.
968 1909 1069 1992 praef.
1098 1930 1129 1993 p.
1154 1907 1274 1997 XIX.],
1310 1910 1463 1976 concludi

281 2040 343 2084 non
366 2024 478 2102 potest,
507 2017 590 2082 huno
613 2015 754 2081 codicem
777 2035 817 2080 ex
840 2015 925 2080 illius
952 2015 1150 2099 grammatici
1180 2017 1362 2081 recensione
1391 2037 1464 2080 ma-

282 2146 389 2208 nasse,
413 2125 495 2190 hanc
518 2124 778 2206 subscriptionem
802 2122 898 2187 etiam
921 2121 1068 2186 librarius
1095 2122 1260 2206 archetypi
1282 2123 1463 2188 Victoriani

282 2231 401 2297 addere
423 2231 525 2313 potuit
555 2249 595 2294 ex
624 2229 734 2294 eodem
763 2227 872 2292 codice
899 2228 1089 2292 recensionis
1113 2227 1342 2312 Galliopianae,
1372 2229 1462 2296 unde

283 2344 476 2403 correcturas
499 2355 573 2400 suas
596 2355 668 2399 eum
691 2335 881 2417 prompsisse
904 2353 1000 2416 supra
1027 2332 1183 2398 contendi.
1211 2373 1251 2381 -
1275 2336 1357 2399 Tum
1382 2337 1462 2403 Urn-

282 2442 491 2528 pfenbachius
520 2441 666 2522 ostendit,
701 2440 880 2505 fabularum
907 2439 1050 2504 ordinem
1079 2440 1112 2503 in
1135 2442 1174 2505 D.
1203 2447 1235 2505 et
1257 2442 1296 2507 G.
1322 2442 1461 2508 eundern

283 2571 352 2617 esse
381 2557 476 2631 atque
504 2548 538 2611 in
566 2547 683 2611 Donati
713 2547 948 2611 commentario.
1001 2545 1066 2610 Sed
1100 2564 1163 2609 non
1198 2545 1366 2631 habemus,
1403 2569 1462 2613 cur

283 2676 435 2740 negemus
458 2655 541 2718 hunc
563 2651 705 2716 ordinem
729 2652 825 2716 etiam
850 2651 880 2715 in
905 2651 1064 2717 codicibus
1080 2653 1228 2716 Arusiani
1251 2651 1349 2718 fuisse
1372 2675 1462 2720 curn·

285 2782 347 2845 que
370 2783 389 2825 a
412 2759 567 2842 Calliopio
591 2758 716 2823 demum
740 2759 773 2822 in
797 2758 885 2822 libris
907 2759 972 2823 suis
995 2765 1148 2822 mutatum
1173 2779 1250 2824 esse.

392 2902 435 2967 At
457 2901 659 2966 inveniuntur
681 2899 714 2963 in
730 2899 911 2964 Victoriano
932 2899 1052 2964 scholia
1067 2920 1085 2964 e
1100 2901 1218 2965 Donati
1234 2904 1461 2969 commentario

285 3010 389 3091 ducta,
413 3015 448 3073 ut
463 3006 633 3089 Umpfenb.
657 3005 834 3090 ostenditfl)
872 3005 951 3070 Inde
974 3012 1080 3070 autem
1103 3026 1166 3071 non
1188 3014 1292 3089 potest
1314 3009 1460 3074 concludi

285 3115 448 3181 librarium
471 3133 562 3178 usum
585 3132 653 3177 esse
676 3111 794 3176 Donati
818 3111 1042 3176 commentario
1049 3133 1057 3195 ;
1095 3132 1169 3176 nam
1197 3113 1318 3178 scholia
1341 3115 1460 3180 Donati

286 3223 382 3288 etiam
411 3226 521 3285 extant
546 3219 580 3282 in
608 3217 777 3300 Bembino,
812 3237 916 3299 neque
949 3224 1055 3282 tamen
1090 3218 1257 3301 quisquam
1292 3220 1462 3286 contendet

285 3334 454 3413 propterea
480 3325 689 3408 „Bembinum
713 3344 754 3388 ex
776 3325 902 3390 Donato
925 3323 1066 3390 refictum
1090 3326 1190 3389 esse“.

397 3539 415 3604 ¹)
452 3540 514 3595 Jam
533 3540 563 3594 Ο.
582 3540 714 3594 Dziatcko
738 3538 889 3606 dubitabat,
913 3555 976 3592 nurn
1000 3543 1075 3593 recta
1097 3543 1169 3593 esset
1197 3540 1244 3593 illa
1267 3541 1401 3594 sententia
1424 3539 1460 3594 ab

287 3629 503 3699 Umpfenbacbio
522 3629 629 3696 prolata
647 3633 675 3682 et
694 3628 875 3681 ah'riederico
894 3629 986 3682 Leone
1005 3625 1124 3693 [Quaest.
1143 3627 1282 3696 Aristoph.
1302 3628 1372 3682 Diss.
1392 3628 1459 3697 phil.

287 3719 456 3785 Bonn1873,
474 3716 555 3770 Thes.
570 3713 627 3781 ΙΧ.]
647 3717 758 3784 paulum
776 3717 926 3772 immutata.
947 3743 969 3751 ·
988 3716 1063 3769 Dicit
1081 3716 1150 3769 enim
1171 3712 1298 3781 [„Jouaor·
1316 3717 1461 3770 Literatur-

287 3801 418 3872 Zeitucg“
439 3806 516 3872 1879,
535 3819 579 3858 no.
593 3805 617 3869 9,
637 3820 664 3872 p.
686 3801 747 3870 122]
766 3804 845 3858 haec:
865 3805 920 3872 „Es
938 3803 1042 3858 scheint
1059 3805 1109 3857 mir
1127 3803 1172 3857 die
1190 3803 1370 3869 thlichlreit
1388 3802 1462 3857 nicht

288 3894 518 3962 arrsgcschlossen‚
548 3893 611 3946 dass
638 3893 672 3945 D.
696 3893 752 3946 und
775 3892 807 3947 G.
827 3909 875 3946 aus
903 3893 989 3946 ciuem
1017 3908 1076 3946 vor
1104 3891 1148 3945 die
1176 3893 1283 3960 calliop.
1310 3893 1462 3947 Recension

288 3983 424 4039 salienden
447 3981 503 4035 tund
526 3981 640 4035 deshnlb
664 3981 724 4034 dem
745 3980 891 4034 Bembinus
913 3979 984 4034 nahe
1007 3979 1162 4046 stehendcn,
1191 3978 1256 4033 aher
1279 3985 1370 4048 spbter
1392 3979 1462 4034 nach

289 4074 336 4127 der
355 4072 387 4125 R.
408 4071 436 4125 Ο.
456 4068 673 4123 iiberarheiteten
692 4069 852 4136 Exemplaro
870 4063 1028 4122 stammen“.
1054 4095 1082 4103 —
1102 4067 1269 4136 Quamquam
1288 4069 1461 4124 Victorianus

289 4160 354 4216 milri
374 4175 435 4214 cum
448 4156 579 4212 Bembino
598 4161 726 4211 nontam
746 4163 802 4232 arte
821 4157 978 4227 conjunctus
995 4173 1053 4211 esse
1066 4158 1180 4223 videtur,
1200 4172 1280 4224 quam
1294 4157 1460 4212 Dziatzhoni.

291 4279 324 4287 -
343 4248 406 4302 Jam
430 4245 575 4299 dolendum
599 4251 647 4313 est,
671 4246 745 4314 quod
767 4245 802 4300 de
824 4245 984 4300 lectionibus
1006 4245 1106 4300 codicis
1129 4245 1243 4299 Parisini
1272 4246 1369 4300 9703a
1396 4244 1462 4298 nihil

290 4341 405 4402 constat,
425 4350 504 4404 quem
524 4350 557 4388 ex
575 4334 670 4389 eadem
688 4332 791 4388 familia
810 4343 891 4402 atque
909 4335 943 4390 D.
956 4340 983 4389 et
998 4334 1029 4390 G.
1050 4334 1161 4388 ductum
1174 4348 1233 4388 esse
1245 4333 1354 4387 scimus.

399 4457 419 4519 ²)
456 4457 540 4525 prasi.
558 4474 585 4526 p.
604 4457 666 4510 XX.
686 4461 714 4511 et
731 4458 821 4512 Herm.
840 4459 873 4513 11.
892 4474 919 4526 p.
939 4459 997 4513 338,
