3228 5030
646 403 868 467 *25-

277 579 348 645 Non
370 599 453 663 nego
476 580 571 664 paulo
594 578 747 644 andeolus
775 600 826 644 me
855 585 1108 663 argumentatum
1137 599 1215 645 esee.
1261 580 1344 645 Nam

169 685 321 751 Arusiani
343 685 594 750 testimoniorum
615 705 763 750 numerus
785 685 920 770 exiguus
943 691 1000 750 eat.
1039 685 1104 750 Sed
1125 685 1225 750 nihilo
1240 685 1344 750 minus

170 791 254 855 hano
276 792 581 876 argumentationem
602 793 845 874 probabiliorem
868 811 937 857 eoae
964 792 1120 874 existimo,
1150 811 1246 873 quam
1269 791 1345 856 Um·

171 895 448 980 pfenbaohianam.
510 897 620 962 Liceat
654 899 751 981 igitur
783 918 892 963 omnes
925 897 966 963 de
1000 897 1114 980 quibus
1142 895 1246 962 adhue
1281 896 1343 981 egi,

172 1002 296 1068 eodioea
318 1002 379 1067 hoo
401 1007 566 1068 stemmate
588 1004 769 1089 eomplooti:

424 1993 454 2057 A
520 1962 636 2016 Familia
654 1959 732 2015 codd.
750 1958 786 2012 ab
920 1957 1095 2029 Archetypua

510 2032 646 2087 brutiano
665 2029 796 2086 adbibita.
888 2030 920 2085 R.
940 2029 1133 2098 Galliopianae.

574 2365 751 2434 Archetypna

585 2437 741 2492 victoriani

280 2844 354 2909 Jam
377 2839 528 2906 nonnulla
549 2837 698 2902 Arusiani
729 2839 874 2921 exempla
900 2840 1114 2922 pertraetab03
1153 2838 1209 2904 aed
1235 2857 1348 2904 moneo

174 2970 225 3014 me
247 2969 287 3014 ea
308 2947 404 3012 modo
427 2949 741 3011 oommemoraturum
764 2963 841 3026 esse,
873 2964 955 3027 quae
978 2943 1083 3010 adhue
1105 2964 1125 3010 a
1146 2944 1224 3011 viris
1248 2944 1348 3010 dootia

174 3055 319 3139 neglecta
342 3071 411 3118 esse
432 3050 589 3117 videntur.

174 3197 309 3262 Heant.
332 3195 385 3279 11„
413 3196 440 3278 1,
468 3195 525 3258 13:

174 3310 298 3377 eodda

280 3417 385 3498 „Nam
408 3415 460 3480 bio
482 3413 594 3497 Clinia,
619 3414 677 3479 etsi
700 3414 728 3478 is
751 3432 876 3497 quoqne
898 3431 1026 3479 suarum
1049 3433 1152 3480 rernm
1176 3419 1227 3479 sat
1249 3414 1348 3498 agit,

1189 3525 1351 3586 attamen

282 3629 387 3693 Habet
408 3629 490 3693 bene
512 3632 544 3692 et
562 3625 678 3709 pudioe
699 3624 854 3709 eductam,
877 3627 1023 3710 ignaram
1039 3627 1116 3693 artis
1131 3625 1350 3694 meretrioiae“

176 3752 216 3818 A.
239 3752 385 3835 praebet:
410 3750 558 3833 ,‚duotam
583 3756 619 3815 et
641 3750 817 3833 ignaram“.

176 3893 339 3959 Bentleina
361 3899 392 3957 et
415 3890 684 3976 Umpfenbaohius
707 3892 919 3959 eonsentiente
942 3892 1049 3981 oodioa
1072 3891 1296 3959 Ambrosiano:

285 4048 305 4083 „
315 4049 554 4065 ........
579 4004 629 4063 sat
651 3999 775 4082 agitat,
805 4004 910 4063 tamen

284 4104 390 4170 Habet
412 4106 492 4170 bene
515 4110 547 4169 et
568 4104 681 4188 pudiea
704 4104 872 4170 eductam‘
894 4112 952 4171 eat.
985 4169 989 4178 ,

180 4247 404 4312 Fleckeisenns
426 4251 458 4311 et
480 4245 668 4329 Wagnerus,
692 4265 722 4311 v.
751 4246 791 4310 14
813 4245 1002 4312 Bembinum
1024 4246 1138 4312 seouti:

286 4401 295 4435 ‚
298 4400 555 4434 .........
580 4357 630 4416 sat
652 4351 743 4436 agit,
772 4357 900 4417 tamen
922 4352 1018 4418 babet

286 4458 375 4523 Bene
397 4463 430 4523 et
451 4457 565 4542 pudioe
588 4456 734 4524 eduotam
757 4463 793 4523 et
815 4456 913 4523 artio‘
937 4462 996 4524 oet.
