3228 5030
742 366 962 430 ..30-

266 547 393 629 He'cyra
415 564 478 609 non
501 550 630 628 peracta
653 550 719 608 tam
743 544 831 608 brevi
857 543 960 627 spatio
989 550 1062 609 ante
1085 543 1253 626 Adelphon
1282 543 1451 608 actionem

266 672 383 717 novum
406 651 572 735 prologum
587 650 759 715 scriberet?
782 650 864 714 Nam
879 650 946 714 ludi
962 649 1110 715 funebres
1125 649 1272 715 videntur
1289 649 1451 715 celebrati

267 777 336 823 esse
359 777 415 840 per
437 776 554 840 paucos
578 755 655 838 dies,
680 762 775 838 atque
798 756 885 822 haud
906 757 970 821 scio
995 777 1035 820 an
1059 775 1139 821 unus
1161 755 1229 820 dies
1251 755 1293 820 ad
1314 754 1450 820 fabulas

267 863 408 948 agendas
432 863 607 928 destinatus
630 857 710 947 sit1)
727 862 850 929 -Sed
873 863 900 926 si
922 862 1021 926 nihilo
1045 863 1148 927 minus
1163 863 1329 945 prologum
1350 861 1446 926 illum

269 969 310 1035 ad
339 971 470 1035 alteram
499 969 654 1034 actionem
683 970 840 1052 pertinere
867 973 1024 1052 putamus,
1055 969 1172 1042 mirum,
1191 969 1325 1051 videtur,
1354 968 1448 1033 nullo

267 1077 392 1160 prologi
415 1076 484 1141 loco
507 1076 666 1159 Hecyram
694 1076 789 1158 paulo
812 1081 886 1140 ante
909 1081 1052 1139 exactam
1076 1075 1323 1158 commemorari,
1354 1076 1446 1140 velut

268 1183 302 1247 in
325 1182 467 1247 Andriae
490 1188 522 1247 et
543 1182 742 1249 Phormionis
764 1182 915 1266 prologis.

374 1329 543 1392 Haeterea
560 1325 736 1408 Wagnerus
756 1331 865 1390 contra
878 1324 1080 1388 Wilmannsii
1096 1324 1285 1388 sententiam
1300 1324 1446 1407 disputat

268 1430 362 1496 haec:
398 1429 567 1513 Adelphon
590 1432 668 1514 prol.
693 1452 723 1496 v.
749 1432 791 1495 22
815 1450 878 1512 sq.:
913 1429 1050 1512 „dehinc
1071 1451 1113 1496 ne
1136 1431 1324 1514 exspectetis
1347 1451 1443 1514 argu-

268 1521 408 1602 mentum
436 1535 587 1601 sabulac“
616 1543 674 1602 cet.
704 1543 831 1620 poetam
861 1537 994 1601 irrisisse
1023 1535 1233 1620 adversarios,
1263 1537 1317 1619 qui
1345 1543 1442 1601 antea

268 1644 302 1708 in
330 1643 528 1708 Phormionis
557 1644 681 1708 actione
708 1643 797 1707 illum
832 1640 1098 1727 objurgavissent,
1134 1642 1220 1726 quod
1254 1650 1441 1727 argumenta

269 1750 449 1816 tabularum
475 1750 509 1814 in
536 1750 677 1833 prologis
705 1769 835 1815 narrare
869 1750 1028 1832 nequiret,
1064 1751 1151 1815 velut
1184 1751 1217 1814 in
1244 1749 1442 1818 Phormionis

268 1856 348 1939 prol.
372 1877 403 1920 v.
431 1857 471 1919 13
494 1875 557 1937 sq:

376 1998 489 2081 „Nunc
511 1998 537 2062 si
562 1997 632 2080 quis
656 2003 712 2080 est,
737 1998 791 2080 qui
815 1998 875 2063 hoc
897 1997 984 2062 dicat
1005 2004 1061 2062 aut
1083 1998 1129 2062 sic
1151 1999 1283 2082 cogitet:

270 2104 368 2169 Vetus
390 2104 417 2168 si
440 2109 536 2188 pocta
557 2124 621 2168 non
643 2103 821 2168 lacessisset
842 2104 938 2187 prior,

270 2210 398 2275 Nullum
421 2210 564 2275 invenire
585 2210 753 2294 prologum
774 2217 881 2294 posset
904 2211 1024 2274 novos‘
1048 2215 1106 2276 cet.

376 2351 455 2417 Inde
484 2372 652 2436 apparere,
682 2352 852 2435 Adelphon
883 2352 1049 2435 prologum
1079 2372 1147 2417 esse
1181 2353 1331 2437 scriptum
1372 2360 1443 2438 post

253 2456 524 2526 ·Phormionem“.
548 2496 592 2504 -
615 2458 679 2523 Sed
707 2478 820 2541 parum
849 2458 1020 2522 verisimile
1049 2464 1109 2542 est,
1138 2459 1320 2524 Terentium
1350 2479 1443 2541 quem

206 2605 211 2618 ·
270 2565 304 2629 in
327 2564 467 2648 prologis
490 2584 614 2647 semper
635 2565 741 2648 palam
766 2570 862 2646 atque
885 2571 993 2647 aperte
1009 2585 1078 2630 curn
1096 2565 1286 2630 adversariis
1301 2585 1444 2649 pugnare

271 2671 431 2754 videmus,
463 2671 509 2735 ita
537 2676 572 2736 ut
601 2677 812 2754 spectatorum
840 2671 969 2736 arbitrio
998 2677 1119 2754 utatur,
1154 2670 1206 2736 hic
1235 2676 1318 2736 tecta
1346 2673 1444 2738 verba

271 2777 393 2860 iecisse,
419 2796 501 2859 quae
523 2783 715 2861 spectatores
737 2777 922 2861 intellegere
944 2777 1000 2842 vix
1023 2783 1200 2860 potuerunt.

272 2995 275 3002 ,
377 2920 547 2984 Praeterea
569 2919 684 3001 nescio,
708 2939 764 2984 cur
778 2919 945 2984 Terentius
967 2918 1166 2984 adversarios
1187 2939 1251 2984 non
1266 2926 1332 2985 tum
1348 2921 1444 2985 etiarn

271 3025 413 3107 irriserit,
438 3045 509 3090 cum
524 3026 651 3109 Hecyra
666 3025 779 3091 iterum
796 3026 959 3108 agebatur,
984 3044 1080 3107 quam
1096 3027 1252 3091 actionem
1266 3027 1444 3110 Wagnerus

272 3134 341 3218 ipse
365 3138 438 3196 ante
462 3132 594 3197 alteram
609 3130 779 3215 Adelphon
803 3131 944 3196 collocat.
980 3130 1180 3214 Quamquam
1201 3133 1284 3198 enim
1299 3134 1443 3216 Hecyrae

272 3239 423 3323 prologus
456 3238 543 3322 prior
576 3257 706 3303 mancus
741 3244 802 3320 est,
842 3243 948 3301 tamen
982 3245 1109 3320 poetam
1146 3238 1207 3303 hoc
1245 3239 1279 3326 in
1314 3240 1442 3323 prologo

273 3345 472 3412 adversarios
496 3344 551 3427 sic,
574 3349 609 3408 ut
632 3345 664 3408 in
686 3344 855 3427 Adelphon
877 3345 1019 3427 prologo,
1049 3344 1185 3410 ludibrio
1211 3365 1275 3410 non
1298 3346 1443 3411 habuisse

273 3452 476 3518 manifestum
500 3457 562 3534 est,
594 3471 669 3514 narn
692 3456 776 3515 certe
798 3451 965 3515 Terentius
989 3450 1117 3516 easdem
1140 3452 1358 3518 cavilla-tiones
1380 3458 1443 3517 tam

273 3559 362 3625 brevi
385 3558 487 3643 spatio
510 3556 688 3623 intermisso
711 3577 775 3622 non
798 3556 934 3622 iteravit.

383 3736 401 3802 ¹)
436 3739 530 3792 Livius
548 3737 633 3802 XLl,
658 3739 693 3792 28
720 3741 813 3790 narrat
835 3735 916 3791 haece
949 3737 1079 3804 „Munera
1105 3737 1287 3804 gladiatorum
1315 3753 1347 3793 eo
1375 3753 1443 3794 anno

276 3824 430 3894 [sellan
451 3823 556 3892 acus]
585 3826 702 3894 aliquot,
737 3841 824 3894 parva
847 3825 901 3878 alia
924 3824 1001 3880 data:
1032 3841 1116 3878 unum
1139 3831 1203 3881 ante
1227 3830 1318 3881 cetera
1342 3826 1444 3896 insigne

274 3913 326 3970 luit
342 3915 374 3970 T.
394 3915 546 3981 Flaminini,
566 3913 639 3982 quod
658 3914 752 3968 mortis
770 3929 852 3967 causa
870 3912 955 3980 patris
973 3913 1015 3966 sui
1035 3930 1096 3968 cum
1114 3915 1295 3970 visceratione
1313 3917 1442 3984 epuloque

274 4009 303 4060 et
320 4004 391 4060 ludis
413 4003 527 4058 scenicis
551 4002 771 4070 quadriduum
795 4001 878 4055 dedit.
918 4001 1011 4068 Magni
1034 4007 1125 4056 tamen
1147 4004 1265 4059 muneris
1288 4020 1320 4059 ea
1343 4020 1443 4059 summa

274 4091 337 4158 orit,
365 4097 396 4146 ut
418 4107 467 4160 per
494 4090 639 4144 triduum
666 4095 795 4159 quattuor
818 4094 845 4143 et
868 4091 1043 4158 septuaginta
1069 4089 1190 4146 homines
1214 4088 1388 4160 pugnarint“.
1413 4119 1442 4128 -

275 4181 428 4236 Verisimile
445 4180 528 4247 igitur
546 4184 588 4234 est
604 4178 785 4233 Flamininum
803 4178 874 4233 ludis
892 4179 1007 4232 scenicis
1029 4195 1136 4242 unum,
1165 4182 1326 4248 spectaculis
1344 4181 1443 4249 gladia

275 4270 351 4324 toriis
369 4274 439 4322 tres
459 4268 516 4322 dies
535 4268 648 4322 dedisse.
677 4268 821 4322 Praeterea
838 4266 901 4320 inde
914 4268 1004 4335 colligi
1017 4272 1116 4335 potest,
1137 4269 1219 4322 etiam
1231 4268 1310 4322 ludos
1321 4267 1443 4323 funebres

275 4359 306 4413 L.
320 4357 430 4411 Aemilii
449 4357 527 4411 Pauli
545 4356 663 4411 sedecim
682 4355 760 4409 annis
778 4359 840 4423 post
857 4355 904 4410 vix
922 4370 970 4423 per
988 4355 1080 4423 plures
1099 4356 1156 4411 dies
1175 4356 1325 4411 celebratos
1343 4372 1402 4412 esse
1419 4361 1443 4410 et

276 4461 359 4501 unum
377 4445 459 4500 modo
477 4445 549 4500 diem
567 4443 681 4500 fortasse
700 4444 736 4499 ad
753 4442 861 4498 fabulas
879 4443 1002 4511 agendas
1020 4444 1183 4500 destinatum
1201 4442 1294 4500 luisse.
