3228 5030
721 686 834 801 ΙΙΙ.

188 880 419 1015 Hecyrae
456 880 697 1016 prologos
740 882 800 989 ab
839 879 1070 992 Ambivio
1109 881 1362 1017 Turpione

538 1090 649 1168 esse
688 1056 1015 1194 conscriptos.

295 1272 374 1340 Cum
397 1273 446 1356 iis,
472 1273 609 1356 quaein
632 1273 733 1338 altera
755 1271 984 1338 dissertationis
1007 1280 1098 1356 parte
1121 1273 1363 1357 disputavimus,

189 1379 356 1465 conjuncta
379 1386 426 1445 est
453 1379 532 1443 haec
560 1379 753 1461 quaestionis
779 1399 863 1462 pars,
894 1387 928 1444 ut
950 1381 1096 1464 Hecyrae
1124 1380 1273 1463 prologos
1301 1401 1365 1444 non

191 1507 260 1552 esse
283 1488 323 1552 ab
347 1487 416 1571 ipso
440 1492 534 1569 poeta
558 1486 690 1569 scriptos
714 1485 973 1552 demonstremus.

296 1573 481 1657 Franciscus
509 1591 685 1675 euyems1)
714 1591 748 1655 iu
771 1593 995 1658 commentario
1019 1591 1062 1657 ad
1084 1591 1214 1658 Terenti
1242 1611 1365 1657 comoe-

189 1700 260 1765 dias
287 1700 406 1784 primus
440 1699 524 1763 hanc
557 1699 774 1782 pronuntiavit
803 1701 992 1764 sententiam
1022 1699 1168 1783 Hecyrae
1199 1698 1365 1782 prologum

189 1807 328 1890 priorem
368 1827 388 1870 a
422 1805 571 1870 Terentio
609 1824 672 1869 non
711 1825 780 1870 esse
813 1806 1038 1889 conscriptum,
1084 1806 1218 1870 alterum
1259 1811 1365 1870 autem

190 1933 233 1995 „a
256 1913 406 1995 quopiam
429 1913 529 1977 otioso
553 1912 759 1995 grammatico
788 1933 807 1977 e
830 1912 934 1994 priore
957 1912 1012 1977 illo
1035 1911 1175 1976 effictum
1202 1917 1234 1976 et
1256 1912 1367 1994 ampli-

190 2018 374 2102 ficatum“3.
396 2038 589 2100 quamquam
611 2019 805 2101 argumentis
829 2017 917 2082 illam
939 2019 1128 2083 sententiam
1152 2017 1279 2083 omniuo
1302 2037 1366 2082 non

190 2124 397 2190 confirmavit.
424 2124 662 2190 Westerhovius
678 2125 835 2189 Faernum
850 2132 984 2206 secutus,
1001 2130 1036 2189 ut
1050 2124 1199 2208 prologos
1215 2124 1366 2208 aGnyeti

191 2231 422 2315 suspicionibus
454 2230 651 2314 defenderet,
691 2231 813 2295 monuit
847 2237 879 2295 et
907 2232 1068 2296 Donatum
1103 2230 1182 2296 duos
1215 2231 1365 2314 prologos

190 2338 306 2422 legisse
335 2338 426 2402 etin
454 2337 516 2402 hac
543 2337 741 2421 potissimum
768 2336 892 2420 fabula,
933 2356 1016 2419 quae
1042 2338 1160 2422 populo
1194 2337 1228 2402 in
1261 2338 1366 2420 prima

190 2445 314 2510 actione
337 2464 400 2510 non
423 2445 556 2528 probata
585 2449 676 2526 esset,
706 2443 833 2508 omnino
860 2445 1054 2510 necessarios
1081 2445 1179 2510 fuisse
1206 2444 1364 2527 prologos.

295 2554 410 2618 Postea
425 2551 652 2616 Wilmannsius
675 2551 708 2614 in
731 2551 895 2616 sententiis
910 2552 1120 2616 controversis
1135 2550 1365 2616 dissertationis

190 2657 253 2740 „de
282 2656 465 2722 didascaliis
493 2657 715 2722 Terentianis“
750 2659 855 2739 posuit
881 2656 979 2722 hanc:
1020 2658 1187 2742 „Hecyrae
1215 2657 1365 2740 prologus

191 2764 270 2829 alter
293 2785 313 2828 a
335 2763 483 2829 Terentio
507 2764 701 2848 conscriptus
724 2783 878 2828 essenon
900 2763 1056 2828 videtur.“
1112 2804 1115 2808 ,

296 2870 369 2935 Jam
396 2871 423 2936 si
453 2871 634 2952 quaerimus
662 2870 739 2952 quid
768 2870 808 2936 de
832 2871 950 2955 Guyeti
977 2871 1134 2936 sententia
1158 2869 1365 2955 judicandum

190 2977 240 3058 sit,
264 2977 343 3041 illud
366 2984 507 3061 apparet,
531 2977 677 3060 Hecyrae
700 2977 846 3061 prologos
868 2997 932 3042 non
955 2978 1017 3060 „ab
1036 2978 1135 3043 otioso
1159 2977 1365 3060 grammatico

190 3082 343 3166 effictos“,
377 3083 434 3148 sed
463 3083 583 3148 eisdem
613 3083 806 3166 temporibus
835 3083 968 3166 scriptos
997 3103 1079 3167 esse,
1114 3085 1228 3166 quibus
1257 3083 1366 3147 fabula

189 3190 261 3272 ipsa
288 3190 406 3272 scripta
434 3196 491 3255 est.
549 3189 749 3271 Quamquam
784 3190 868 3254 enim
902 3189 988 3254 haud
1021 3210 1124 3274 pauca
1157 3190 1364 3272 inveniemus,

190 3316 273 3378 quae
296 3297 459 3361 aTerenti
482 3315 542 3361 usu
564 3294 713 3377 loquendi
738 3295 896 3378 recedant,
921 3302 1026 3360 tamen
1050 3303 1117 3361 tota
1139 3296 1273 3361 duorum
1294 3315 1365 3380 pro-

188 3404 333 3486 logorum
357 3402 490 3467 elocutio
514 3402 605 3467 nobis
627 3401 830 3486 persuadebit
853 3422 906 3468 eos
929 3403 1062 3485 scriptos
1085 3423 1153 3467 esse
1176 3404 1216 3467 ab
1240 3403 1367 3467 homine

190 3509 328 3591 quodam
359 3518 390 3574 et
418 3509 546 3574 Terenti
578 3509 704 3591 aequali
740 3515 771 3573 et
804 3509 889 3574 illius
923 3508 1079 3574 scribendi
1113 3509 1245 3573 rationis
1280 3508 1366 3573 haud

189 3617 312 3700 ignaro.
359 3614 520 3692 Quaecum'
544 3616 590 3679 ita
612 3615 684 3698 sint,
708 3636 765 3698 per
788 3635 822 3680 se
844 3637 993 3700 magnam
1016 3615 1112 3679 habet
1135 3615 1273 3698 speciem
1294 3635 1366 3698 pro-

190 3722 372 3804 babilitatis,
396 3722 491 3787 hosce
513 3722 663 3806 prologos
690 3723 730 3786 ab
753 3723 902 3787 Ambivio
926 3722 1096 3805 Turpione,
1120 3740 1215 3803 quem
1237 3722 1366 3787 Terenti

189 3828 314 3893 fabulas
332 3829 435 3912 egisse
451 3835 581 3912 constat,
607 3828 799 3911 conscriptos
815 3849 892 3894 esse.
932 3829 1013 3893 Nam
1030 3829 1116 3912 quod
1132 3828 1368 3894 Westerhovius

189 3941 299 4000 contra
315 3936 475 4020 Guyetum
498 3935 628 4018 monuit,
652 3936 799 4018 Hecyrae
814 3935 1012 4019 potissimum
1028 3936 1204 4001 actionibus
1218 3937 1368 4020 prologos

189 4041 372 4107 tribuendos
400 4061 479 4124 esse,
509 4041 673 4124 refellitur,
703 4061 774 4106 cum
803 4042 849 4106 illi
878 4042 1012 4126 prologi,
1048 4048 1084 4107 ut
1112 4043 1202 4109 nobis
1230 4043 1364 4125 videtur,

190 4169 212 4213 a
238 4149 387 4214 Terentio
417 4149 546 4231 quidem
574 4169 638 4214 non
665 4148 757 4234 facti,
793 4149 850 4214 sed
880 4154 964 4213 certe
998 4155 1072 4213 ante
1106 4148 1234 4214 fabulae
1268 4149 1368 4232 ipsius

190 4255 330 4321 actiones
352 4255 547 4339 pronuntiati
569 4255 642 4322 sint.

300 4434 318 4498 ι)
353 4451 400 4506 pp.
420 4435 528 4500 acono.
