3228 5030
660 415 880 480 ..35..

290 595 478 679 „Exclamat
500 593 638 676 iurem,
662 614 725 659 non
747 599 875 676 poetam
897 593 1039 659 fabulam

289 701 424 768 Dedisse
448 706 480 764 et
502 701 547 764 nil
569 700 696 766 dedisse
718 701 886 765 verborum
908 705 1031 765 1111111

289 808 436 874 Colacem
460 827 513 873 ese
535 807 637 872 Naevi
661 813 692 871 ct
714 807 829 888 Plauti,
855 813 993 871 veterem
1015 806 1166 890 fabulam,

290 915 426 982 Parasiti
448 933 617 997 personam
639 913 714 978 inde
737 913 877 978 ablatam
900 919 931 977 et
953 913 1095 979 militis“.

291 1020 491 1104 Quapropter
514 1020 644 1103 longum
667 1019 818 1102 temporis
841 1019 979 1104 spatium
1002 1018 1098 1085 etiam
1115 1020 1197 1084 inter
1212 1020 1357 1085 Eunuchi

184 1136 216 1193 et
237 1127 406 1211 Adelphon
429 1127 570 1191 actiones
593 1125 691 1192 fuisse
713 1126 863 1210 nequit.¹)
907 1125 997 1203 Quae
1020 1147 1090 1192 cnm
1114 1127 1160 1190 ita
1182 1127 1254 1209 sint,
1278 1126 1359 1191 nihil

182 1239 295 1316 restat,
331 1254 425 1316 quam
461 1240 496 1298 ut
524 1232 693 1315 Adelphon
726 1233 862 1315 primam
896 1233 1053 1298 actionem
1087 1253 1242 1317 ponamus
1276 1233 1359 1299 inter

181 1340 530 1406 Heautontimorumeni
555 1346 586 1404 et
608 1338 753 1403 Eunuchi
776 1339 926 1421 actiones,
951 1339 972 1405 1.
998 1359 1025 1404 e.
1051 1360 1080 1405 a.
1105 1341 1180 1406 592.

290 1449 401 1528 ltaque
430 1467 534 1512 rerum
563 1445 606 1510 ad
633 1451 798 1529 poetarum
827 1445 930 1510 rixam
956 1447 1182 1529 pertinentium
1211 1445 1288 1512 ordo
1318 1466 1359 1511 ex

183 1553 239 1618 tali
269 1553 448 1618 fabularum
477 1552 587 1618 ordine
614 1560 757 1635 sumptus
785 1571 862 1616 sane
890 1553 1063 1635 probabilis
1098 1560 1154 1618 est.
1206 1553 1358 1618 Videmus

184 1660 268 1724 enim
292 1680 332 1725 ex
354 1659 495 1725 Andriae
523 1659 665 1742 prologo,
696 1659 853 1740 Luscium,
884 1678 955 1723 cum
977 1658 1087 1724 fabula
1115 1659 1171 1723 illa
1199 1666 1356 1743 ageretur,

182 1766 366 1831 Terentium
389 1767 594 1850 vituperasse,
630 1764 714 1848 quod
749 1765 929 1830 comoedias
964 1766 1255 1848 contaminavisset,
1291 1771 1358 1831 tum

182 1893 222 1938 ex
245 1872 594 1938 Heautontimorumeni
616 1872 750 1955 prologo
779 1869 823 1959 [v.
853 1869 903 1959 16]
934 1872 1022 1937 illum
1049 1873 1181 1938 iterasse
1209 1874 1358 1955 probrum

183 1997 283 2061 suum,
309 1998 502 2061 quamquam
525 1979 624 2062 ipsius
646 1978 785 2061 fabulae,
809 1998 892 2061 quae
914 1978 1042 2060 quidem
1065 1979 1280 2044 contaminata
1295 1999 1358 2044 non

183 2092 260 2168 erat,
291 2087 415 2150 actione
442 2085 642 2168 vituperandi
672 2085 795 2150 occasio
825 2105 887 2150 non
918 2091 986 2150 erat
1015 2083 1099 2150 data.
1151 2086 1188 2149 ln
1217 2084 1359 2151 eiusdem

185 2199 291 2256 antem
314 2192 442 2257 fabulae
465 2192 589 2256 actione
611 2192 794 2256 Terentium
818 2191 914 2256 etiam
938 2192 1000 2257 alio
1027 2192 1195 2257 maledicto
1219 2192 1357 2276 vexavit,

182 2318 297 2381 nempe
326 2300 366 2363 ab
396 2298 507 2363 amicis
536 2319 608 2363 eum
636 2298 669 2362 in
698 2297 815 2362 fabulis
842 2298 1068 2381 componendis
1099 2297 1243 2382 adjutum
1277 2318 1355 2382 esse,

182 2404 268 2486 quod
291 2404 418 2486 quidem
443 2404 619 2470 convicium
641 2403 752 2468 itidem
780 2404 815 2468 in
837 2404 1001 2487 Adelphis,
1031 2403 1141 2470 fabula
1169 2405 1356 2487 insequenti,

182 2511 325 2591 iteravit5
363 2518 529 2594 praeterea
564 2516 670 2575 autem
704 2509 796 2592 furti,
833 2511 951 2582 terth'i
987 2511 1150 2576 cuiusdam
1184 2511 1357 2596 opprobrii,

184 2618 346 2682 accusavit
371 2618 477 2700 illum,
506 2636 601 2699 quam
631 2617 898 2699 criminationem,
932 2617 1013 2682 sieut
1041 2624 1136 2681 antea
1164 2618 1299 2701 primam
1328 2622 1360 2681 et

184 2723 330 2806 alteram,
366 2724 494 2788 iteravit
526 2724 558 2788 in
586 2722 729 2788 Eunuchi
766 2723 889 2788 actione
918 2729 951 2788 et
978 2723 1109 2788 ridicule
1137 2722 1287 2789 sufflavit.
1317 2763 1358 2772 -

183 2829 275 2894 Hunc
297 2850 401 2895 rerum
425 2830 567 2895 ordinem
590 2850 654 2894 non
677 2828 786 2894 dubito
809 2849 867 2913 pro
891 2850 966 2895 vero
990 2831 1143 2913 accipere.
1372 2837 1375 2843 '

288 2938 408 3020 Restat,
437 2943 472 3001 ut
494 2956 693 3018 quaeramus,
718 2935 795 3017 quid
818 2935 1013 3001 didascaliae
1036 2942 1068 3000 et
1089 2936 1207 3000 Donati
1234 2935 1329 3018 praef
1347 2973 1359 2984 -

182 3041 284 3107 tiones
311 3044 494 3126 praebeant.
525 3080 568 3089 —
596 3043 646 3107 Ac
672 3042 807 3127 primum
838 3043 966 3124 quidem
996 3041 1176 3107 fabularum
1205 3042 1357 3126 ordinem,

182 3147 236 3228 qui
259 3153 347 3212 extat
362 3149 395 3212 in
412 3149 594 3215 didascaliis
612 3156 643 3213 et
659 3149 691 3212 in
703 3149 822 3213 Donati
839 3148 1095 3213 adnotationibus
1111 3149 1151 3213 de
1170 3150 1357 3231 consulibus,

182 3252 337 3336 deludis,
362 3255 403 3320 de
426 3255 497 3320 aliis
520 3258 622 3338 rebus,
646 3253 871 3340 Dniatzkone³)
897 3261 1007 3320 autore
1030 3273 1269 3338 componamus:

181 3379 395 3390 —--..—.

291 3433 309 3496 ¹)
345 3435 430 3489 Bosse
450 3437 565 3504 opponit
583 3452 609 3504 p.
631 3437 677 3490 16:
711 3436 883 3503 „Terentium
902 3434 930 3488 in
949 3433 1096 3502 Adelphon
1118 3436 1233 3504 prologo
1251 3436 1360 3490 omnino

182 3535 236 3574 non
255 3537 378 3590 negasse,
407 3538 436 3578 se
454 3521 555 3576 furtum
574 3523 678 3590 iecisse,
702 3525 753 3578 nisi
771 3523 823 3578 hoc
836 3524 895 3594 jam
914 3524 938 3576 ei
958 3523 1061 3576 crimini
1084 3523 1178 3577 (111111
1200 3529 1278 3590 esset,
1309 3523 1359 3578 nisi

183 3609 297 3664 similem
316 3613 519 3666 accusationem
539 3613 679 3667 timuisset.
718 3612 802 3676 Quam
823 3611 858 3665 ob
877 3627 932 3664 rem
946 3610 1089 3679 Adelphos
1107 3616 1181 3680 post
1199 3611 1360 3665 Eunuchum

182 3697 290 3752 demum
319 3704 408 3754 aetam
437 3716 495 3756 esse
524 3695 673 3768 ,‚debere“;
707 3718 768 3754 1111
798 3699 915 3768 Adelph.
944 3700 1011 3768 prol.
1041 3715 1085 3756 vv.
1115 3701 1196 3761 13114
1225 3701 1359 3768 respicere

182 3789 384 3843 accusationem
407 3791 435 3842 in
458 3788 583 3842 Eunuchi
606 3790 721 3857 prologo
745 3789 824 3842 nobis
848 3789 982 3855 oblatam,
1010 3804 1109 3857 nempe
1131 3787 1231 3842 furtum
1257 3787 1360 3843 factum

181 3890 241 3930 esse
263 3894 281 3930 a
303 3874 455 3932 Terentio“.
475 3906 509 3915 -
529 3877 583 3931 Sed
606 3877 670 3931 mihi
695 3879 805 3946 quidem
828 3879 909 3931 etiam
934 3892 967 3931 ex
989 3878 1123 3932 contrario
1146 3877 1269 3932 Eunuchi
1290 3879 1360 3946 prol.

180 3979 226 4019 vv.
240 3966 328 4034 1011.
341 3968 478 4035 respicere
497 3981 577 4034 posse
596 3966 725 4020 videntur
744 3967 947 4020 accusationem
965 3967 992 4019 in
1005 3965 1122 4035 Adelph.
1136 3967 1204 4034 prol.
1217 3982 1263 4020 vv.
1278 3967 1323 4030 1ss
1327 3966 1361 4020 14

180 4069 197 4106 a
215 4057 297 4122 1111111
315 4053 472 4110 refutatam.

289 4142 308 4204 ¹)
344 4145 428 4198 Furto
442 4159 495 4197 non
508 4159 617 4212 prorsus
629 4143 699 4196 idem
710 4141 857 4210 significari
866 4142 925 4196 vult
935 4147 1017 4209 potita
1027 4148 1108 4211 atque
1118 4142 1360 4216 contamination03

179 4246 243 4284 nam
254 4231 448 4286 contaminatio
459 4232 557 4285 dicitur
568 4231 603 4286 de
613 4230 706 4285 fabula
715 4232 800 4285 latina
811 4247 844 4284 ex
854 4231 1036 4299 compluribus
1049 4232 1181 4298 graecis
1195 4231 1358 4297 composita.

179 4315 278 4373 furtum
292 4320 327 4374 de
336 4323 466 4389 personis,
480 4335 550 4388 quae
562 4336 596 4374 ex
605 4321 724 4387 priorum
733 4323 875 4388 poetarum
886 4320 1103 4372 Romanorum
1117 4317 1217 4372 fabulis
1226 4324 1358 4387 sumptae

179 4411 208 4460 et
217 4408 244 4461 in
254 4423 353 4462 novam
364 4407 484 4462 fabulam
494 4409 642 4462 translatae
651 4413 721 4462 sunt.
742 4405 786 4473 [cf.
796 4407 852 4461 Ad.
861 4408 929 4476 prol.
939 4423 964 4460 v.
977 4409 1006 4461 13
1016 4421 1056 4474 sq.
1067 4413 1095 4461 et
1104 4408 1174 4462 Eun.
1183 4409 1251 4475 prol.
1262 4413 1315 4462 11
1329 4405 1353 4473 t]

253 4492 256 4496 ⁵
288 4495 308 4558 ⁸)
344 4497 397 4552 Rh.
417 4497 485 4551 1111.
506 4496 582 4552 XXl.
601 4513 628 4564 p.
648 4496 763 4551 84-86.

1145 4597 1182 4656 3*
