3228 5030
644 403 866 468 „33-

167 583 228 648 nisi
257 582 482 648 dubitanter
512 581 686 647 attulisse“.
712 617 756 626 -
778 581 913 665 Scripsit
935 581 1019 645 enim
1041 583 1202 648 Donatus:
1242 581 1346 666 „hanc

169 687 301 758 dicunt
325 688 462 754 secundo
489 687 559 753 loco
587 689 722 754 actam“.

275 812 339 879 Sed
363 833 403 878 ex
419 811 587 894 Adelphon
610 813 705 876 ctiam
728 813 851 896 prologi
876 819 1060 896 argumento
1084 812 1225 896 intellegi
1242 819 1347 895 potest

169 920 262 985 huius
296 919 424 984 fabulae
458 919 593 1002 primam
629 919 785 984 actionem
819 937 881 982 non
916 918 1132 984 collocandam
1167 938 1236 984 esse
1270 925 1344 984 antc

170 1027 569 1092 Heautontimorumenum.
616 1025 698 1090 Nam
721 1025 748 1089 si
772 1044 842 1090 eam
865 1025 1054 1089 sententiam
1082 1025 1251 1108 sequimur,
1280 1046 1345 1091 non

170 1133 372 1218 intellegitur,
403 1152 466 1214 qua
495 1132 535 1196 de
564 1151 660 1197 causa
686 1131 853 1197 Ambivius
881 1131 1017 1214 Turpio,
1053 1131 1199 1197 dominus
1227 1133 1345 1216 gregis,

170 1246 243 1304 ante
266 1239 613 1304 Heautontimorumeni
637 1236 764 1303 demum
787 1238 942 1303 actionem
970 1238 1093 1321 prologi
1116 1245 1222 1320 partes
1245 1258 1347 1304 susoc-

170 1347 261 1428 perit,
292 1347 409 1429 quippe
438 1365 517 1428 quas
545 1344 579 1408 in
607 1344 763 1428 Adelphis
791 1345 889 1409 multo
919 1345 1024 1428 aptius
1052 1345 1249 1427 suscepisset.
1295 1346 1346 1409 Ex

170 1452 520 1516 Heautontimorumeni
549 1451 634 1515 enim
668 1451 799 1535 prologo
828 1450 967 1516 dilucide
1001 1457 1136 1535 apparet
1163 1452 1347 1517 Ambivium

172 1557 230 1622 has
253 1565 369 1640 partes,
394 1577 473 1640 quas
496 1558 578 1622 alius
600 1563 687 1622 actor
710 1557 894 1622 adulescens
917 1557 1076 1641 suscipere
1099 1558 1229 1641 solebat,
1254 1579 1347 1642 prop-

171 1670 259 1729 terea
282 1664 465 1747 suscepisse,
490 1662 575 1746 quod
589 1664 717 1747 Hecyra
739 1664 834 1746 paulo
851 1671 924 1728 ante
948 1660 989 1750 [a.
1007 1661 1084 1750 589]
1109 1669 1222 1729 exacta
1244 1684 1347 1746 neque

170 1770 288 1854 populo
317 1771 450 1853 probata
480 1777 563 1853 erat,
593 1771 760 1835 Ambivius
789 1777 893 1834 autem
923 1771 993 1853 ipse
1020 1777 1147 1853 poetam
1176 1769 1209 1834 in
1237 1771 1346 1854 populi
1442 1752 1445 1760 ¹

170 1877 306 1959 gratiam
330 1877 494 1942 restituere
516 1877 670 1941 studebat.
690 1915 731 1924 —
754 1875 872 1953 Quodsi
897 1876 1061 1959 Adelphoe
1084 1876 1166 1940 inter
1188 1876 1347 1959 Hecyram

171 1988 203 2047 et
225 1983 614 2048 Heautontimorumenum
637 1990 709 2048 acta
732 1992 823 2065 esset,
839 1982 989 2047 Ambivio
1012 1982 1080 2047 sine
1103 1981 1199 2047 dubio
1223 1983 1347 2067 prologi

170 2094 277 2170 partes
300 2094 373 2154 ante
396 2088 565 2172 Adelphon
588 2089 744 2154 actionem
766 2088 986 2173 suscipiendae
1010 2095 1108 2154 erant.

277 2216 447 2280 Praeterea
468 2211 637 2294 Adelphon
659 2214 810 2296 prologus
838 2213 919 2277 inter
941 2211 1083 2276 Andriae
1106 2217 1138 2276 ct
1159 2212 1348 2277 Heautonti-

170 2319 347 2383 morumeni
375 2318 542 2402 prologum
571 2338 610 2383 ea
638 2318 678 2383 de
707 2339 802 2384 causa
830 2339 893 2383 non
922 2317 1086 2401 ponendus
1115 2324 1171 2399 cst,
1201 2318 1286 2400 quod
1314 2320 1348 2384 in

171 2425 235 2489 illis
261 2425 403 2508 prologis
430 2424 596 2489 Terentius
630 2423 718 2508 illud,
748 2426 833 2507 quod
861 2424 1036 2490 adversarii
1066 2424 1347 2508 reprehendebant,

172 2551 244 2596 cum
267 2531 393 2597 fabulas
416 2530 647 2596 contaminasse
669 2530 795 2614 refutat,
826 2533 859 2596 in
888 2537 994 2596 nostro
1021 2537 1127 2595 autem
1143 2531 1285 2614 nprologo
1314 2551 1348 2596 se

172 2637 314 2703 defendit
336 2658 356 2701 a
378 2657 463 2702 nova
486 2637 694 2718 accusatione,
724 2637 810 2719 quod
833 2637 951 2702 furtum
981 2637 1202 2720 commisisset3
1239 2657 1347 2719 quam-

173 2763 269 2825 quam
284 2743 363 2809 illud
379 2742 614 2808 contaminandi
626 2744 803 2809 convicium
815 2744 849 2808 in
861 2743 921 2808 hac
933 2742 1052 2824 fabula,
1069 2744 1199 2808 minime
1211 2744 1346 2827 integra,

173 2850 271 2914 multo
295 2850 399 2914 minus
422 2849 736 2934 praetermittendum
766 2849 795 2915 ei
824 2856 901 2931 erat,
932 2870 1028 2931 quam
1055 2849 1088 2913 in
1110 2850 1349 2915 Heautontimo-

172 2976 312 3038 rumeno,
336 2956 446 3020 fabula
468 2976 532 3022 non
555 2957 777 3038 contaminata,
806 2957 860 3022 nbi
884 2965 990 3020 tamen
1013 2955 1054 3020 de
1082 2957 1349 3022 contaminatione

174 3063 273 3126 multa
300 3062 398 3128 verba
426 3061 512 3128 facit.
537 3099 580 3108 —
607 3062 686 3127 Inde
713 3063 820 3144 colligi
847 3068 959 3145 potest,
989 3061 1131 3126 Andriae
1159 3062 1287 3143 quidem
1317 3069 1349 3128 et

173 3169 521 3233 Heautontimorumeni
538 3169 685 3251 prologos
702 3167 821 3232 eisdem
836 3167 902 3232 fere
918 3168 1110 3250 temporibus
1122 3169 1254 3251 scriptos
1270 3189 1347 3252 esse,

174 3281 239 3338 tum
252 3295 322 3339 cum
334 3273 466 3338 Luscius
478 3281 605 3357 po'e'tam
621 3280 749 3356 propter
761 3273 1061 3338 contaminationem
1076 3274 1256 3339 fabularum
1267 3275 1349 3339 vitu-

173 3381 315 3464 perabat,
341 3380 509 3463 Adelphcn
531 3387 637 3445 autom
658 3380 824 3464 prologum
845 3380 1018 3463 posteriorc
1039 3379 1175 3461 quodam
1197 3386 1348 3465 tempore.

280 3503 402 3568 Eadem
426 3523 522 3568 causa
541 3504 752 3587 prohibemur,
776 3524 816 3568 nc
833 3523 903 3568 cum
918 3504 1171 3571 Paeckelmanno
1187 3504 1350 3588 Adelphos

174 3616 248 3674 ante
275 3609 420 3693 Hecyrae
448 3611 584 3694 primam
612 3611 768 3675 actionem
799 3630 963 3692 ponamus.
1015 3609 1079 3675 Sed
1113 3629 1174 3692 quo
1208 3617 1350 3695 tempore

174 3715 284 3781 sabula
306 3717 443 3799 primum
466 3724 537 3781 acta
561 3718 630 3782 est?
664 3717 704 3782 Ni
728 3716 831 3798 fallor,
856 3716 937 3780 inter
959 3717 1350 3782 Heautontimorumenum

175 3829 206 3887 et
233 3823 434 3905 Eunuchum,
470 3822 555 3904 quod
584 3822 799 3888 demonstrare
833 3842 917 3887 nunc
951 3822 1093 3888 studebo.
1145 3823 1258 3905 ltaque
1292 3844 1350 3889 cae

174 3928 301 3993 fabulae
318 3928 437 3993 eisdem
453 3929 520 3993 fere
535 3929 728 4012 temporibus
744 3935 834 3993 actae
850 3948 919 3994 esse
934 3928 1095 4011 putandae
1111 3935 1191 4012 sunt,
1216 3950 1350 4011 quarum

173 4034 207 4098 in
234 4035 375 4119 prologis
403 4041 498 4118 polita
527 4036 567 4099 ab
595 4036 706 4101 eodem
729 4035 835 4100 Luscii
864 4036 978 4118 probro
1006 4055 1040 4099 se
1068 4033 1218 4100 defendit.
1266 4037 1349 4101 Nam

173 4147 209 4206 ut
232 4161 271 4206 ex
294 4141 437 4206 convicio
457 4141 522 4224 illc,
547 4141 633 4223 quod
652 4148 684 4206 et
698 4143 732 4206 in
747 4140 888 4206 Andriae
904 4147 935 4205 et
951 4141 985 4204 in
999 4141 1348 4206 Heautontimorumeni

173 4247 305 4330 prologo
329 4247 498 4329 invenitur,
523 4247 666 4313 concludi
689 4247 801 4331 potuit,
830 4248 889 4312 has
912 4246 1037 4310 fabulas
1061 4251 1149 4310 actas
1172 4267 1240 4311 esse
1263 4247 1350 4313 haud

173 4353 268 4437 longo
299 4353 449 4436 temporis
482 4353 585 4435 spatio
620 4354 821 4438 interposito,
857 4355 903 4417 sic
937 4353 1033 4416 etiam
1068 4352 1269 4416 statuendum
1304 4360 1352 4418 est

173 4459 564 4525 Heautontimorumenum
587 4465 619 4524 ct
641 4457 805 4542 Adelphos
833 4459 867 4522 in
895 4477 1022 4523 scenam
1045 4457 1137 4522 datas
1160 4477 1229 4523 esse
1254 4479 1349 4524 unam
