3228 5030
648 379 870 444 „31-

280 564 351 628 Huc
373 559 504 642 accedit,
528 557 614 641 quod
636 557 681 621 illi
704 555 873 640 Adelphon
896 555 975 638 prol.
996 573 1105 620 versus
1129 551 1255 642 [22f23]
1280 561 1368 619 tam·

173 669 292 735 similes
313 674 385 734 sunt
408 667 548 733 versibus
563 664 727 746 Plautinis,
752 663 806 744 qui
828 667 938 728 extant
957 662 990 725 in
1005 661 1181 726 Trinummi
1203 662 1345 745 prologo,

176 782 209 841 ut
231 773 412 858 interpolati
436 792 504 838 esse
526 769 752 868 videantur.¹)¹

280 885 476 948 Postremum
502 877 634 955 casser)
658 875 868 940 Wilmannsio
899 874 1040 957 opponit,
1070 874 1148 957 „vix
1175 873 1347 939 verisimile

174 1007 242 1052 esse
265 987 302 1052 L.
327 986 455 1052 Aemilii
479 984 570 1049 Pauli
593 983 680 1048 filios
702 981 802 1066 patris
825 980 908 1045 ludis
931 979 1114 1045 funebribus
1141 1000 1217 1046 sane
1245 981 1347 1064 splen·

174 1092 258 1158 didis
281 1092 361 1157 duas
384 1091 509 1156 fabulas
532 1088 673 1173 agendas
696 1107 832 1169 curasse,
857 1106 990 1168 quarum
1013 1087 1114 1151 altera
1132 1085 1201 1170 jam
1225 1092 1345 1169 exacta,

173 1199 275 1264 altera
294 1205 400 1263 autem
416 1218 480 1262 non
495 1217 579 1262 nova
595 1196 708 1260 essaf‘.
727 1233 767 1240 —-
785 1193 850 1258 Sed
865 1193 971 1257 nescio
988 1213 1029 1256 an
1044 1192 1152 1276 Scipio
1167 1192 1346 1274 Africanus,

59 1385 70 1398 ⁸
173 1305 303 1370 Terenti
318 1304 495 1387 familiaris,
520 1303 600 1367 alter
614 1301 760 1366 ludorum
776 1305 910 1380 curator,
927 1298 1135 1364 Terentianus
1149 1299 1348 1382 potissimum

174 1408 309 1492 fabulas,
340 1411 400 1475 etsi
428 1429 491 1474 non
518 1427 627 1490 novas,
655 1407 689 1470 in
717 1425 844 1471 scenam
873 1404 943 1468 dari
969 1403 1113 1488 jusserit,
1145 1411 1212 1470 tum
1241 1411 1348 1470 autem

173 1535 259 1580 nova
281 1515 391 1580 fabula
413 1535 528 1580 novem
557 1513 679 1578 dierum
706 1512 809 1595 spatio
838 1512 920 1576 inter
948 1517 1081 1575 mortem
1103 1511 1232 1576 Aemilii
1256 1511 1348 1576 Pauli

176 1627 208 1686 et
230 1621 321 1685 ludos
343 1620 490 1687 funebres
513 1620 697 1703 interposito
720 1617 794 1682 filiis
816 1625 930 1702 parata
952 1617 1008 1682 vix
1031 1636 1100 1682 esse
1124 1625 1257 1701 poterat.

283 1721 443 1803 Quaecum
467 1727 513 1791 ita
535 1727 606 1808 sint,
631 1730 765 1808 apparet
787 1743 835 1807 ca,
861 1743 943 1805 quae
966 1723 1162 1806 aWagnero
1185 1731 1217 1788 et
1236 1723 1347 1789 Bossio

165 1837 388 1915 opponuntur,
424 1833 540 1898 nullius
568 1830 719 1896 momenti
748 1849 832 1913 esse,
878 1830 935 1894 scd
968 1828 1092 1895 accedit
1126 1831 1222 1894 etiam
1260 1830 1347 1896 alind

176 1937 338 2022 quiddam,
363 1958 426 2026 qno
444 1937 643 2004 Wilmannsii
666 1936 824 2002 sententia
846 1936 1003 2019 probetur.
1022 1973 1063 1982 -
1080 1935 1249 2019 Adelphon
1264 1937 1349 2002 enim

175 2044 325 2128 prologus
346 2052 515 2130 propterea
538 2045 620 2109 inter
643 2043 780 2126 priorem
804 2049 836 2107 et
858 2042 991 2106 alterum
1013 2041 1159 2125 Hecyrae
1181 2043 1348 2127 prologum

177 2150 253 2232 poni
283 2171 347 2215 non
375 2158 493 2235 potest,
531 2149 616 2233 quod
637 2150 682 2215 in
715 2149 779 2213 illis
810 2148 951 2232 prologis
978 2147 1084 2212 Luscii
1093 2149 1117 2228 ³)
1152 2149 1349 2232 aliorumque

176 2256 432 2322 adversariorum
455 2259 571 2341 probra
594 2274 795 2338 nequaquam
819 2260 1111 2337 commemorantur,
1131 2255 1165 2319 in
1180 2255 1349 2340 Adelphon

176 2369 283 2428 autern
298 2364 440 2448 prologo,
465 2369 499 2428 ut
514 2364 547 2428 in
563 2363 702 2445 reliquis,
728 2361 824 2426 etiam
839 2361 980 2444 graviter
995 2380 1030 2425 se
1045 2360 1189 2426 defendit
1202 2364 1347 2448 potta⁴);

176 2489 216 2534 cx
231 2470 337 2535 verbis
353 2469 438 2534 enirn
453 2469 582 2534 alterius
596 2470 742 2552 Hecyrae
758 2467 892 2550 prologi,
908 2488 939 2531 v.
952 2468 996 2531 46
1012 2467 1145 2551 scriptis,
1163 2468 1349 2535 concludere

174 2595 238 2640 non
253 2594 427 2659 possumus,
450 2576 634 2641 Terentium
649 2581 724 2640 ante
737 2574 826 2666 illam
842 2573 989 2656 Hecyrae
1006 2573 1161 2639 actionem
1180 2575 1221 2640 ab
1237 2574 1348 2639 adver-

175 2682 267 2746 sariis
289 2682 415 2746 irrisum
439 2701 517 2747 esse.

282 2787 481 2871 Quapropter
516 2787 691 2871 putandum
725 2792 772 2852 est
803 2785 951 2850 Luscium
986 2785 1020 2849 in
1054 2787 1154 2851 altera
1188 2792 1221 2852 et
1254 2787 1348 2853 tertia

174 2892 320 2976 Hecyrae
349 2893 473 2958 actione
497 2891 565 2977 jam
588 2892 745 2957 destitisse
766 2891 950 2957 Terentium
978 2889 1160 2976 objurgare,
1195 2891 1251 2958 sed
1280 2899 1347 2958 tum

174 2997 344 3082 Adelphon
366 3000 516 3082 prologus
538 3000 601 3064 illis
623 2999 817 3082 temporibus
840 2997 896 3062 rix
918 2998 1138 3080 pronuntiatus
1161 3004 1217 3064 est.

281 3105 372 3170 Nunc
406 3124 609 3189 quaeramuS,
648 3125 710 3187 quo
745 3111 886 3187 tempore
919 3103 1002 3169 hanc
1036 3103 1176 3169 fabulam
1211 3105 1346 3187 primum

174 3217 278 3275 actam
302 3231 371 3276 esse
394 3212 565 3277 verisimile
588 3212 643 3294 sit3
667 3232 742 3276 nam
765 3211 841 3276 certi
866 3211 1036 3293 quicquam
1059 3210 1100 3276 de
1118 3211 1173 3276 illa
1195 3227 1229 3277 re
1252 3212 1347 3276 statui

177 3389 194 3453 ¹)
230 3390 292 3444 Tor.
310 3389 429 3458 Adelph.
448 3392 516 3460 prol.
536 3408 581 3447 vv.
601 3391 697 3455 22in

333 3478 458 3546 „Dehinc
475 3496 509 3535 ne
528 3479 690 3546 exspectetis
708 3484 897 3548 argumentum
915 3477 1037 3533 fabulae:

334 3566 425 3635 Senes,
445 3570 492 3637 qui
510 3569 589 3638 primi
607 3569 726 3634 venient,
746 3569 771 3622 ei
788 3573 894 3636 partem
913 3568 1043 3635 aperient,

333 3657 365 3711 ln
384 3657 491 3725 agendo
509 3662 615 3726 partem
634 3651 813 3712 ostendent“.

230 3743 318 3798 Plaut.
337 3745 485 3799 Trinummi
503 3746 570 3814 prol.
590 3762 636 3800 vv.
658 3746 750 3805 16l17:

333 3832 404 3901 „Sed
423 3832 458 3888 de
476 3837 635 3901 argumento
654 3849 689 3888 ne
707 3834 871 3902 exspectetis
888 3831 1009 3888 fabulae:

333 3920 424 3990 Senes,
443 3923 491 3991 qni
508 3921 562 3976 huc
579 3923 697 3987 venient,
716 3923 726 3975 i
744 3938 801 3976 rem
819 3921 898 3977 vobis
917 3917 1064 3990 aperient“.

231 4007 265 4063 cf.
284 4009 415 4078 Liebig:
436 4010 487 4077 „de
505 4011 572 4079 prol.
591 4011 699 4067 Terent.
718 4015 747 4064 et
765 4007 871 4066 Plaut.“
891 4037 924 4046 -
944 4008 1034 4065 Gocrl.
1054 4012 1132 4078 1859,
1151 4028 1179 4080 p.
1193 4013 1235 4068 17.

281 4114 300 4178 ¹)
336 4116 409 4171 Diss.
428 4117 502 4184 Lips.
522 4117 607 4171 1874:
626 4115 751 4185 „Quaest
770 4111 966 4171 Terentianae“
984 4133 1012 4184 p.
1032 4118 1075 4172 13.

281 4201 301 4267 ⁸)
337 4203 364 4257 A
382 4206 533 4261 maledictis
552 4205 644 4259 Luscii
663 4204 805 4272 Lanuvini,
825 4206 941 4272 „veteris
960 4205 1087 4260 malevoli
1105 4200 1229 4274 posna‘ss
1248 4207 1347 4261 Teren-

174 4291 227 4344 tius
245 4292 371 4347 omnibus
389 4293 417 4347 in
435 4295 557 4362 prologis
571 4299 680 4361 praeter
698 4294 758 4348 illos
781 4293 816 4347 ad
837 4294 962 4363 Hecyrae
984 4297 1104 4347 actiones
1128 4294 1296 4363 conscriptos
1316 4311 1346 4350 se

175 4377 306 4436 defendit.

280 4469 302 4534 ⁴)
339 4471 400 4525 Hac
418 4469 453 4524 ds
471 4471 631 4539 quaestione
650 4467 721 4524 infra
740 4465 785 4536 [of.
804 4486 832 4538 p.
851 4465 897 4536 53]
917 4468 1069 4524 accuratius
1089 4468 1226 4525 disseram.
