3228 5030
698 364 898 428 ..7-

317 544 383 610 Sed
410 563 523 609 moneo
552 542 602 607 his
630 541 707 608 loeis
737 541 953 609 Victoriauum
981 544 1077 610 etiam
1108 565 1129 610 a
1157 545 1276 612 Donati
1305 565 1387 612 oom-

211 652 365 717 mcntario
392 653 555 732 aberrarc3
594 669 668 713 nam
697 648 759 713 nisi
785 668 836 714 res
865 649 911 714 ita
939 669 973 716 se
1001 650 1141 734 haberet,
1172 651 1243 716 illas
1272 651 1387 718 discre-

210 758 337 842 pantias
360 778 400 824 ex
422 755 543 822 librarii
566 754 768 838 neglegentia
791 760 917 820 exortas
940 774 1009 821 esse
1031 777 1095 822 nou
1117 757 1294 840 putandum
1322 764 1386 824 est:

211 864 278 930 Ad.
301 865 350 948 V.,
376 865 406 946 1,
430 863 467 928 3:
506 881 634 944 „rerum
657 860 818 925 omnium“
842 860 960 947 D.G.¹)
994 863 996 868 ’

460 1006 462 1012 ·
507 967 670 1051 „omnium
693 968 830 1034 rerum“.
869 967 930 1034 Ar.
955 974 987 1034 ct
1009 969 1077 1035 rell.
1101 969 1193 1036 codd.

211 1078 305 1143 And.
330 1078 367 1161 Ι.,
395 1078 422 1159 1,
450 1076 528 1140 102:
567 1075 624 1157 „in
646 1074 754 1157 iguem
776 1073 882 1157 posita
904 1075 983 1140 cst“.
1023 1074 1063 1140 D.

569 1181 625 1264 „in
647 1180 755 1264 ignem
778 1180 928 1264 imposita
951 1182 1030 1247 est“.
1069 1182 1180 1247 Arus.
1205 1187 1237 1247 et
1258 1175 1328 1248 rell.

317 1289 397 1356 (lum
425 1287 494 1354 cod.
519 1287 558 1354 d.
587 1287 780 1370 „imposita“
815 1288 968 1370 praebeat
1000 1293 1033 1353 et
1061 1294 1182 1354 constet
1214 1289 1254 1355 G.
1284 1293 1316 1353 et
1344 1288 1385 1354 D.

316 1393 553 1479 propinquitate
576 1391 714 1475 quadam
737 1392 877 1459 maxime
899 1392 1081 1479 conjunctos
1103 1414 1182 1479 esse,
1210 1394 1387 1479 putandum

319 1507 368 1567 est
389 1501 553 1567 librarium
577 1497 645 1564 cod.
670 1498 711 1563 D.
735 1498 787 1564 hio
810 1499 976 1566 erravisse.

213 1610 303 1675 Eun.
327 1607 396 1691 111,
421 1608 452 1692 5,
477 1607 536 1672 51:
577 1603 669 1690 „onis
691 1605 817 1672 simul“.
855 1606 895 1672 D.

444 1783 446 1788 ,
601 1712 717 1798 „simul
739 1714 870 1778 omues“
893 1713 952 1779 Ar.
978 1719 1010 1779 et
1031 1713 1099 1779 rell.

210 1822 304 1887 Eun.
327 1819 377 1902 V.,
405 1819 436 1904 5,
466 1819 503 1885 5:
543 1839 660 1903 „quem
687 1820 897 1903 praestolare,
930 1819 1111 1885 Parmeuo“
1138 1821 1173 1885 in
1194 1821 1233 1886 D.
1260 1821 1388 1903 omissa,

317 1927 431 1993 sedin
454 1926 598 2011 margine
620 1947 640 1990 a
663 1927 709 1991 D8
730 1926 878 2010 suppleta
899 1931 981 1991 sunt.
1008 1962 1049 1973 —
1069 1927 1218 1994 Arusiani
1241 1927 1389 1993 librarius

319 2034 438 2099 erravit
459 2033 598 2098 scribens
621 2033 768 2114 „ortum“
790 2051 848 2115 pro
872 2032 1041 2116 „ostium“.

212 2141 347 2206 Heaut.
370 2141 425 2223 II,
450 2139 480 2224 3,
505 2140 542 2204 9:
582 2137 645 2222 „de
668 2139 821 2220 quanta“.
860 2141 902 2205 D.

580 2250 724 2328 „quauta
746 2243 819 2309 de“.
858 2243 919 2310 Ar.
944 2251 976 2311 et
998 2245 1066 2311 rell.

213 2353 350 2419 Heaut.
374 2352 427 2435 II.,
457 2351 488 2435 4,
519 2351 556 2415 2:
595 2350 655 2434 „Id
682 2370 754 2416 cum
782 2349 944 2435 studuisti,
980 2352 1033 2417 isti
1061 2351 1183 2416 formae
1217 2357 1252 2416 ut
1285 2371 1390 2416 mores

320 2456 497 2524 consimiles
520 2457 654 2524 lorent‘.
701 2456 786 2523 Aet
808 2459 846 2523 R.
871 2456 977 2540 Galli)
1010 2496 1050 2506 -
1079 2458 1129 2541 „is
1158 2457 1301 2523 formac“
1330 2477 1388 2542 pro

320 2565 395 2650 „isti
417 2564 562 2630 formae“
584 2565 716 2648 praebet
737 2564 923 2649 Arusianus,
947 2565 1096 2629 nimirum
1125 2564 1211 2647 quod
1239 2564 1389 2630 librarius

321 2671 439 2737 erravit
460 2677 589 2755 propter
615 2669 805 2735 antecedens
828 2670 1060 2754 „studuisti“;
1099 2675 1269 2754 propterea
1291 2670 1388 2735 etiam

320 2778 354 2843 in
377 2779 443 2845 Do
467 2777 617 2842 omissum
640 2782 688 2842 est
711 2776 817 2860 „isti“.

213 2956 301 3022 Hcc.
325 2955 395 3039 lli,
420 2955 451 3039 2,
478 2956 535 3021 12:
574 2903 687 3038 „curui
711 2901 828 3020 ecdrde“
853 2955 942 3039 [corr.
966 2951 1035 3041 DJ]

572 3081 671 3145 „cura
693 3081 734 3127 cx
757 3061 873 3127 oordc“
897 3059 958 3127 Ar.
984 3065 1016 3125 et
1037 3060 1105 3126 rell.

212 3167 358 3237 Phorm.
382 3167 453 3251 ΙΠ.,
478 3167 508 3251 3,
533 3168 593 3232 21:
617 3169 719 3251 „nos“
742 3187 804 3234 om.
828 3169 886 3251 D,¹
908 3166 982 3232 add.
1007 3168 1064 3234 DA

213 3274 360 3342 Phorm.
383 3274 449 3357 IV,
474 3274 504 3358 3,
530 3273 624 3362 292⁸)
647 3293 742 3358 „erus
764 3280 799 3341 ut
821 3274 893 3339 his“
915 3293 974 3358 pro
997 3278 1147 3356 „uterus
1170 3273 1242 3339 his“
1265 3273 1320 3340 D¹.

467 3590 644 3661 Alterum
666 3483 971 3661 testirddniorum
996 3609 1131 3677 genus.

319 3716 476 3800 Septem
505 3722 542 3782 et
569 3717 860 3801 quinquaginta
882 3717 1036 3801 exemplis
1056 3716 1232 3782 Arusianus
1255 3716 1295 3782 ab
1325 3735 1390 3781 om-

212 3822 300 3888 nium
322 3822 466 3888 codicum
488 3823 645 3907 scriptura
665 3824 795 3889 recedit.
840 3823 892 3888 Ex
914 3823 964 3888 his

321 4001 339 4066 ¹)
375 4003 453 4059 Notis
470 4002 600 4057 librorum
617 4019 683 4059 usus
700 4019 759 4058 sum
778 4003 887 4072 endem,
911 4019 979 4072 quas
998 4002 1123 4059 adhibuit
1141 4000 1390 4072 Umpfcnbachius:

370 4090 407 4146 A.
425 4091 581 4148 Bembinus.
688 4092 723 4148 D.
742 4091 925 4148 Victorianus
1032 4091 1063 4147 P.
1082 4091 1229 4146 Parisinus.

376 4180 406 4236 0.
425 4180 584 4236 Vaticanus.
693 4179 726 4237 G.
745 4181 917 4236 Decurtatus.
1010 4178 1064 4235 Ar.
1083 4178 1243 4234 Arusianus.

320 4268 339 4332 ⁹)
375 4269 408 4324 R.
427 4268 487 4324 Gall
506 4289 538 4312 =
558 4269 719 4324 recensionis
738 4269 922 4337 Galliopianae
946 4269 1064 4324 codices.

320 4355 339 4420 ⁶)
375 4355 414 4412 D·
432 4357 496 4412 add.
515 4351 602 4426 „hic“,
630 4358 704 4427 quod
727 4358 785 4414 sino
809 4359 892 4413 dubio
916 4359 1025 4427 irrepsit
1047 4373 1082 4413 cx
1105 4357 1282 4413 antecedente
1300 4373 1389 4423 vorsu,

215 4444 263 4500 ubi
282 4449 372 4502 extat:
393 4461 483 4514 „nuuc
500 4444 554 4500 hic
571 4442 709 4516 iuquam“.
