3228 5030
757 398 977 462 ..25-

282 577 457 643 Arusianus
481 575 523 663 [p.
547 577 622 659 510,
652 574 703 663 13]
727 575 865 659 scripsit:
897 539 983 657 „etsi
1002 576 1029 640 is
1053 593 1177 657 quoque
1200 593 1328 638 suarum
1350 592 1470 636 rerum
1583 641 1584 646 ἵ

389 689 439 747 sat
461 681 559 766 agit“,
583 681 686 746 itaut
708 680 768 746 hoc
790 681 968 747 testimonio
992 681 1094 764 magis
1115 679 1264 763 Wagneri
1290 684 1321 743 et
1343 677 1471 742 Fleck-
1583 741 1584 750 ,

389 789 486 853 ciseni
510 787 689 872 conjectura
710 789 868 871 probetur,
892 807 987 870 quam
1011 786 1133 851 Bentlei
1156 792 1189 851 et
1210 782 1471 867 Umplenbachii
1583 803 1584 840 l

388 895 552 978 scriptura.

281 1001 414 1067 Heaut.
437 1001 503 1083 IV,
528 1002 558 1084 P,
584 1002 620 1064 6:

388 1105 658 1190 Umpfenbachius
680 1125 807 1172 suorum
830 1106 972 1171 codicum
996 1104 1174 1170 auctoritati
1202 1121 1317 1186 parens
1346 1123 1468 1167 eorum
1583 1089 1584 1100 ¹

388 1213 554 1278 lectionem
576 1213 609 1276 in
632 1218 753 1277 textum
775 1213 908 1295 recepit:

388 1336 539 1420 „Orucior
562 1336 667 1403 bolum
695 1337 839 1401 tanturn
866 1336 959 1400 mibi
987 1341 1129 1419 ereptum
1157 1339 1222 1398 tam
1246 1333 1389 1398 desubito
1418 1353 1466 1398 ex

1276 1438 1464 1504 faucibus“.

388 1549 559 1633 Bentleius,
584 1569 677 1632 quem
693 1549 917 1615 Fleckeisenns
940 1554 971 1614 et
987 1549 1163 1639 Wagncrus
1186 1547 1284 1613 secuti
1308 1552 1390 1629 sunt,
1417 1567 1465 1610 ex

282 1656 403 1721 duobus
426 1655 586 1721 codicibus
608 1655 699 1720 nobis
721 1656 837 1739 ignotis
860 1655 996 1737 scripsit:

388 1762 549 1845 „Cruciou
573 1761 680 1826 bolum
702 1761 798 1825 milri
821 1760 971 1825 tanturn
994 1767 1136 1844 ereptum
1158 1764 1224 1823 tam
1247 1759 1390 1824 desubito
1416 1778 1464 1823 cx

1277 1864 1461 1929 faucibus“.

388 1972 480 2050 Quod
508 1972 751 2057 praeferendum
773 1972 913 2056 videtur;
953 1994 1026 2038 narn
1056 1979 1087 2038 et
1115 1973 1195 2038 ictus
1223 1971 1328 2055 aptius
1355 1970 1462 2054 priori

281 2101 377 2163 quam
399 2079 489 2145 alteri
512 2080 655 2164 syllabae
677 2080 764 2144 vocis
788 2082 953 2162 „tantum“
976 2080 1147 2164 imponitur
1167 2079 1284 2162 etipsa
1299 2077 1462 2160 scriptura

280 2186 464 2252 Arusiani
487 2186 715 2251 testimonio
740 2184 783 2273 [p.
806 2186 881 2270 468,
910 2184 962 2273 15]
986 2186 1195 2251 confirmatur.

787 2366 947 2374 ————

282 2487 347 2553 Ad.
371 2487 424 2569 11,
449 2489 479 2569 3,
505 2487 540 2551 9:
580 2486 657 2570 „qui
680 2486 855 2570 ignominia
877 2486 937 2551 sibi
961 2492 1032 2568 post
1059 2485 1224 2569 putarit“:
1259 2479 1391 2568 praebet
1413 2485 1457 2550 Α.

389 2632 429 2641 -
453 2594 596 2658 Donatus
619 2599 652 2657 et
672 2594 709 2658 R.
735 2591 784 2657 0.:
823 2593 922 2674 „quin
945 2593 1072 2656 omnia“
1097 2597 1154 2657 cet.
1181 2631 1222 2639 -
1246 2592 1345 2658 D.G.:
1376 2591 1457 2674 „qui

387 2699 516 2764 omnia“
542 2705 600 2765 cet.

280 2807 389 2872 Arusz
415 2803 457 2892 [p.
482 2804 557 2888 502,
583 2802 636 2893 20]
661 2805 737 2888 „qui
761 2805 800 2869 in
823 2805 930 2871 omnia
953 2857 960 2871 .
987 2856 994 2869 .
1020 2855 1027 2870 .
1051 2810 1123 2887 post
1144 2800 1304 2887 putarit“.

388 2929 657 3012 Umpfenbaclrius
691 2935 723 2994 et
750 2929 973 2994 Fleckeisenus
1002 2928 1190 2993 Bembinunr
1224 2928 1322 2992 secuti
1357 2927 1457 3011 scrip-

281 3041 389 3100 serunt
411 3035 470 3101 sic:

281 3141 370 3225 „Sp
402 3140 486 3218 Quid
513 3142 582 3206 cst‘?
610 3177 652 3186 -
683 3139 735 3206 ot.
767 3139 852 3218 onie
879 3141 941 3206 sit?
979 3140 1063 3206 illius
1093 3161 1202 3224 opera,
1239 3139 1335 3223 Syre,
1371 3159 1457 3205 nunc

1064 3247 1149 3329 vivo,
1173 3246 1323 3311 festivum
1347 3252 1452 3328 caput,

388 3352 449 3430 oui
476 3353 717 3436 ignominias
745 3353 805 3418 sibi
834 3360 905 3436 post
933 3353 1057 3436 putavit
1080 3372 1148 3418 esse
1170 3371 1249 3436 prae
1270 3371 1342 3416 meo
1371 3372 1455 3417 com-

1347 3457 1452 3540 mode,

387 3564 571 3648 Maledicta,
607 3564 740 3647 famam,
776 3585 881 3630 meum
911 3566 1052 3631 laborem
1087 3571 1118 3630 et
1150 3570 1316 3648 peccatum
1350 3564 1384 3628 in
1419 3583 1455 3628 se

1263 3670 1452 3736 transtulit“.

387 3795 548 3859 Bentleius
572 3800 603 3859 et
625 3795 814 3879 Spengelius
836 3816 907 3862 cunr
931 3795 1021 3862 codd.
1037 3796 1072 3861 P.
1098 3801 1129 3860 et
1152 3795 1186 3861 Ο.
1210 3801 1305 3877 atque
1327 3796 1453 3860 Donato

281 3901 511 3984 praetulerunt:

387 4003 547 4093 „quinlel
572 4006 702 4071 omnia
723 4007 806 4072 sibi“
830 4013 889 4072 cet.

389 4133 477 4207 Quae
500 4129 655 4214 scriptura
676 4149 753 4194 vcra
776 4137 808 4194 et
829 4150 886 4213 per
909 4150 943 4195 se
969 4131 1134 4213 aptissima
1161 4137 1209 4196 est
1237 4136 1268 4196 et
1294 4130 1350 4196 illo
1373 4130 1453 4194 Aru-

281 4236 363 4302 siani
386 4236 463 4319 „qui
486 4236 519 4300 in
541 4236 669 4302 omnia“
692 4237 926 4320 comprobatum
964 4237 1110 4302 librarius
1133 4237 1216 4302 enim
1241 4235 1358 4302 codicis
1380 4240 1453 4303 Par-

280 4342 379 4408 rhasii
402 4342 470 4407 sine
493 4341 588 4408 dnbio
612 4343 645 4407 in
669 4341 840 4427 archetypo
863 4342 943 4426 legit
965 4343 1064 4426 „quin
1079 4342 1217 4425 omnia“,
1241 4341 1326 4425 quod
1349 4361 1453 4407 errore

281 4453 436 4516 mutatum
468 4448 576 4514 estin
605 4447 682 4531 „qui
711 4449 744 4513 in
773 4448 911 4514 omnia“.
940 4487 984 4496 -
1012 4453 1181 4516 Praeterea
1206 4448 1378 4514 verisimile
1407 4452 1454 4512 cst
