3228 5030
324 522 351 586 1.
377 520 780 605 Undequinquaginta
803 521 950 604 exempla
972 527 1053 604 sunt,
1082 541 1215 604 quorum
1237 522 1387 588 lectiones

213 625 395 709 discrepant
418 648 438 692 a
460 629 590 711 reliquis
613 628 774 695 codicibus
796 629 878 693 inter
900 647 934 694 se
957 629 1247 695 consentientibus,

266 754 295 799 a.
321 733 511 810 Quattuor
534 735 611 801 locis
627 735 803 800 Arusianus
825 734 894 817 ipse
916 735 950 798 in
973 734 1081 800 codice
1097 735 1148 800 vel
1169 735 1202 798 in
1218 734 1386 815 codicibus,

321 859 401 922 quos
423 840 577 923 adhibuit,
602 841 796 924 corruptelas
818 841 977 906 invenisse
1000 841 1140 923 videtur,
1170 841 1281 925 regula
1304 841 1388 905 enim

320 947 503 1030 praeposita
517 947 660 1012 vindicat
681 951 907 1031 grammaticus
930 954 1038 1013 contra
1061 967 1171 1014 omnes
1188 946 1389 1013 scribendum

321 1071 406 1118 esse:
1151 1063 1153 1068 '

214 1158 308 1234 And.
333 1160 386 1241 ΙΙ,
412 1160 442 1242 2,
469 1159 525 1223 14:
550 1160 623 1243 „de
644 1160 705 1226 hoc
726 1173 778 1225 me
792 1159 894 1226 libera
913 1160 1072 1225 miseram
1095 1161 1203 1226 metu“
1226 1180 1284 1244 pro
1308 1160 1390 1244 „hoc

321 1286 371 1331 me
393 1266 495 1332 libera
516 1266 666 1332 miserum
689 1267 806 1333 metu“.

213 1372 351 1438 Heaut.
373 1373 410 1455 Ι.,
450 1421 458 1455 ,
476 1373 533 1436 81:
557 1373 666 1456 „quod
680 1373 753 1438 illis
769 1380 857 1438 aetas
880 1372 1008 1458 mira¹)
1032 1372 1074 1438 ad
1090 1373 1170 1438 haec
1184 1373 1303 1439 utenda
1323 1373 1389 1438 ido-

319 1498 383 1543 nea
405 1480 474 1544 est“
496 1499 570 1562 pro:
594 1478 702 1562 „quod
724 1479 785 1544 illa
808 1485 896 1544 aetas
920 1479 1045 1564 magis
1068 1479 1108 1544 ad
1131 1479 1232 1545 haec“
1256 1486 1314 1545 oet.

213 1585 360 1654 Phorm.
385 1586 422 1668 Ι.,
449 1586 477 1667 1,
505 1586 538 1648 1:
562 1586 705 1668 „amicus
728 1604 868 1650 summus
890 1586 986 1650 moi“
1009 1607 1067 1670 pro
1091 1588 1251 1670 „meus“.

213 1691 361 1759 Phorm.
386 1691 434 1774 V.,
460 1692 490 1774 8,
515 1691 574 1755 54:
614 1691 860 1775 „condonamur
888 1694 941 1757 te“
969 1712 1027 1777 pro
1042 1693 1301 1776 ,pondonamus
1324 1695 1386 1759 te“.

697 1944 910 1952 ———--

267 2117 297 2182 b.
321 2117 461 2182 Tribus
485 2123 522 2182 et
545 2117 811 2202 quadraginta
832 2118 910 2184 locis
926 2119 1044 2185 erravit
1057 2119 1220 2202 librarius,
1239 2119 1293 2201 qui
1309 2119 1389 2183 Aru-

321 2223 403 2288 siani
432 2223 546 2288 librum
575 2224 793 2309 descripserat,
822 2226 938 2309 partim
967 2225 1101 2309 singulis
1128 2225 1228 2290 literis
1258 2231 1290 2290 et
1317 2226 1390 2290 totis

270 2368 272 2372 -
320 2330 425 2395 verbis
448 2330 572 2396 omissis
595 2337 650 2397 aut
672 2331 799 2415 additis,
828 2332 945 2415 partim
968 2331 1101 2415 singulis
1123 2331 1222 2396 literis
1250 2332 1388 2414 mutatis,

321 2436 437 2519 partim
459 2437 626 2502 verborum
650 2439 761 2504 ordine
784 2438 924 2504 variato:

264 2575 295 2612 α.
320 2542 425 2609 Verba
447 2562 552 2609 errore
575 2544 712 2627 quodam
736 2546 853 2611 omissa
875 2550 963 2609 sunt:

214 2648 282 2714 Ad.
305 2649 342 2731 Ι,
370 2651 397 2732 1,·
423 2650 482 2714 27:
506 2650 612 2732 priore
634 2652 703 2716 loco
727 2653 853 2735 „quae“
877 2670 939 2717 om.

214 2754 281 2819 Ad.
305 2755 358 2838 ΙΙ.,
384 2756 415 2838 4,
440 2754 476 2819 5:
501 2758 651 2839 „coram“
675 2756 773 2823 deest.
794 2831 796 2834 ¹

214 2860 279 2926 Ad.
303 2861 368 2944 IV,
394 2862 423 2944 2,
449 2862 508 2926 24:
532 2862 671 2945 „modo“
695 2882 756 2928 om.

213 2967 306 3032 And.
331 2967 396 3050 lV.,
421 2968 452 3051 5,
480 2971 511 3032 1:
537 2968 641 3052 „hao“
664 2991 726 3035 om.

213 3075 303 3139 Eun.
329 3074 381 3157 ΙΙ,
407 3075 437 3158 2,
463 3075 521 3139 39:
546 3073 681 3159 „suum“
706 3096 767 3141 om.

212 3181 306 3246 Eun.
330 3181 378 3263 V.,
403 3181 433 3264 2,
458 3180 503 3246 52.
519 3202 601 3266 „ego
629 3183 662 3248 in
688 3183 819 3267 pedes“.
880 3183 940 3248 Ar.
969 3223 1005 3232 -·
1032 3190 1180 3268 „egomet
1207 3185 1241 3249 in
1269 3185 1389 3270 pedes“

321 3287 388 3352 rell.
413 3287 503 3353 codd.
528 3327 570 3335 -
595 3288 801 3355 Scribendum
825 3295 887 3355 cst:
912 3310 994 3374 „ego
1017 3310 1072 3356 me
1095 3291 1129 3355 in
1151 3291 1281 3374 pedes“.

213 3394 350 3458 Heaut.
366 3394 435 3477 ΙΙΙ,
456 3395 484 3477 i,
502 3395 560 3459 28:
584 3395 683 3478 „quia
705 3396 841 3479 pessime
864 3397 965 3461 istac
987 3397 1019 3462 in
1042 3403 1072 3462 te
1096 3405 1191 3480 atque
1213 3398 1302 3463 illum
1319 3418 1390 3463 oon-

320 3501 418 3565 sulis“
440 3520 498 3584 pro
521 3502 619 3584 „quia
641 3503 777 3585 pessime
800 3503 902 3567 istuc
924 3503 957 3568 in
980 3503 1011 3568 te
1035 3509 1130 3586 atque
1152 3504 1191 3569 in
1214 3505 1302 3570 illum
1319 3525 1390 3570 con·
1457 3541 1462 3550 ·

321 3606 430 3672 sulis‘¹.

215 3714 304 3779 Hec.
328 3714 407 3797 prol.
435 3716 469 3778 1:
494 3714 664 3798 „Hecyra“
688 3735 749 3781 orn.

215 3820 304 3885 Hco.
327 3819 393 3902 lv,
418 3820 449 3903 4,
474 3820 533 3886 64:
557 3823 635 3904 „ut“
660 3841 721 3886 om.

215 3927 362 3994 Phorm.
379 3926 416 4009 1.,
432 3927 464 4008 4,
482 3926 518 3990 2ι
543 3928 619 4010 „te“
642 3947 703 3992 om.
729 3967 771 3975 -
794 3929 1040 4012 „impuratum“
1063 3949 1120 4013 pro
1144 3931 1389 4014 „imparatum“.

215 4032 360 4098 Phorm.
385 4032 421 4116 1,
452 4033 482 4116 4,
510 4034 566 4097 13:
606 4040 724 4117 „atque
747 4056 798 4101 me
821 4036 942 4101 coicere
964 4037 1106 4119 protinus
1134 4037 1167 4103 in
1190 4038 1310 4121 pedes“
1333 4058 1391 4123 pro

323 4145 441 4223 „atque
464 4139 538 4206 hinc
560 4142 633 4206 me“
657 4147 716 4208 cet.

215 4245 365 4312 Phorm.
389 4246 442 4330 11,
469 4248 498 4330 1,
522 4247 582 4312 40:
606 4250 685 4331 „ut“
709 4269 770 4314 om.

326 4424 344 4493 ¹)
380 4428 468 4494 „Miro
487 4428 523 4483 ad
540 4422 626 4482 haec“
645 4433 695 4483 ost
714 4429 813 4497 legisse
831 4428 994 4484 Arusiauum
1013 4431 1127 4501 conjecit
1145 4431 1355 4487 Lindemannus.
