3228 5030
656 367 878 430 -37-

179 554 228 614 θεῖ
256 545 455 628 Cornelio,
484 564 599 628 nempe
632 546 674 610 M.
705 545 889 610 Cornelio
916 545 1066 629 Cethego.
1114 545 1219 623 Quid?
1262 547 1357 624 Quod

179 655 271 720 alteri
295 672 421 736 quoque
449 651 586 717 curatori
614 651 758 716 ludorum
788 651 968 717 funebrium
997 672 1111 716 nomen
1135 659 1182 717 θεῖ
1203 656 1238 720 Ρ.
1264 653 1355 719 Gor-

178 761 282 826 nelio
306 759 488 841 Scipioni
511 757 685 822 Africano?
728 759 840 840 Itaque
864 757 958 823 facile
981 758 1049 823 fieri
1070 757 1182 842 potuit,
1212 765 1248 824 ut
1269 765 1358 824 tanta

178 867 341 932 nominum
381 862 587 930 similitudine
626 864 791 929 ambarum
832 865 991 929 actionum
1029 864 1112 930 tituli
1149 865 1356 931 miscerentur

179 981 275 1055 atque
304 972 542 1050 turbarentur)
588 971 659 1035 Huc
688 970 824 1054 accedit,
856 969 941 1053 quod
968 971 1058 1036 alteri
1087 971 1206 1035 consuli
1235 992 1264 1036 a.
1289 973 1355 1036 592

179 1098 295 1145 nomen
319 1083 386 1142 erat
409 1075 443 1142 O.
459 1070 608 1142 Marcio
622 1077 746 1160 Figulo,
772 1077 863 1142 alteri
887 1083 993 1142 autem
1015 1077 1111 1142 aedili
1127 1078 1226 1142 curuli
1243 1100 1272 1143 a.
1290 1079 1355 1144 594

178 1187 216 1250 L.
240 1184 402 1266 Marcio,
428 1183 514 1265 qnod
536 1183 734 1266 cognoscitur
757 1203 797 1248 ex
819 1184 965 1267 Hecyrae
988 1182 1203 1268 didascalia.²)

244 1293 247 1298 Δ
286 1308 340 1373 Sic
367 1307 465 1389 igitur
492 1305 627 1371 fortasse
656 1326 742 1371 error
770 1306 873 1371 factus
902 1314 963 1371 est:
1002 1307 1249 1373 Arbitrabantur
1271 1309 1355 1374 enim

179 1414 388 1499 grammatici,
418 1433 488 1477 cum
512 1432 608 1476 unam
636 1412 843 1478 didascaliam
871 1433 900 1477 a.
925 1413 991 1478 592
1014 1412 1056 1476 05
1079 1413 1213 1478 alteram
1235 1435 1265 1478 a.
1289 1415 1356 1479 594

180 1521 351 1605 ascriptam
374 1520 531 1602 legerent,
561 1538 677 1584 nomen
699 1521 734 1583 Ρ.
759 1518 935 1585 Cornelii
963 1519 1165 1603 Scipionis
1196 1519 1354 1608 [Nasicae]

179 1647 248 1692 esse
271 1625 465 1709 duplicatum
488 1645 528 1690 err
542 1630 577 1692 P.
595 1625 778 1691 Cornelio
799 1625 986 1708 Scipione
1010 1623 1195 1713 [Africano],
1220 1628 1353 1692 alterum

179 1739 286 1798 antem
308 1733 467 1797 consulem
491 1752 520 1796 a.
545 1731 619 1815 592,
651 1732 684 1796 G.
708 1731 893 1796 Marcium
916 1731 1074 1815 Figulum,
1103 1733 1259 1815 putabant
1286 1753 1355 1799 esse

180 1839 316 1904 aedilem
340 1838 480 1904 curulem
504 1859 533 1903 a.
558 1838 634 1920 594,
662 1839 699 1902 L.
723 1837 919 1903 Marcium.
960 1837 1030 1915 Quo
1054 1837 1158 1920 fiebat,
1182 1843 1217 1902 ut
1239 1860 1355 1904 nomen

178 1949 213 2011 P.
236 1944 372 2011 Cornelii
396 1944 554 2027 Scipionis
574 1943 718 2025 Nasicae,
743 1943 828 2026 quod
851 1949 933 2008 esset
953 1943 1158 2027 duplicatum,
1183 1951 1214 2009 et
1240 1965 1355 2011 nomen

179 2050 214 2117 Ο.
231 2050 367 2116 Marcii
383 2050 499 2133 Figuli,
525 2049 610 2131 qnod
626 2057 707 2114 esset
723 2051 760 2114 L.
773 2050 954 2132 Marcius,
980 2049 1092 2115 aedilis
1108 2051 1224 2116 curulis
1239 2073 1267 2116 a.
1279 2053 1354 2136 594,

179 2156 315 2239 ideoque
353 2155 444 2220 ludos
484 2156 632 2221 funebres
672 2157 708 2220 L.
745 2156 873 2220 Aemilii
910 2157 1001 2223 Pauli
1045 2156 1249 2222 celebrandos
1291 2179 1355 2223 505

180 2261 364 2348 curasset,³)
399 2281 440 2327 ex
473 2261 649 2327 didascalia
683 2262 939 2345 extinguerentur
973 2282 1076 2344 neque
1114 2263 1180 2328 ulla
1219 2265 1356 2348 vestigia

179 2369 302 2453 primae
317 2368 487 2451 Adelphon
510 2369 643 2433 actionis
658 2369 917 2451 relinquerentur.
937 2409 976 2416 —
994 2369 1076 2433 Nam
1092 2369 1171 2433 alter
1186 2369 1355 2454 Adelphon

179 2476 344 2558 prologus,
376 2494 438 2556 quo
466 2475 571 2540 nescio
601 2495 642 2538 an
670 2475 869 2558 grammatici
898 2475 1088 2540 commoveri
1116 2476 1290 2558 potuerint,
1321 2483 1356 2541 ut

179 2580 261 2646 hanc
277 2581 419 2647 fabulam
431 2581 480 2646 bis
496 2581 529 2646 in
544 2601 671 2646 scenam
683 2579 791 2646 datam
802 2600 871 2645 esse
883 2581 974 2646 nobis
985 2581 1155 2663 traderent,
1172 2603 1193 2644 a
1204 2582 1353 2647 Terentio

181 2687 308 2753 omnino
331 2707 394 2752 non
417 2688 550 2770 scriptus
573 2694 629 2753 est.

287 2811 422 2894 Saepius
445 2816 551 2876 autem
574 2810 692 2876 factum
716 2816 771 2893 est,
795 2815 830 2874 ut
851 2815 974 2875 veteres
997 2809 1044 2874 illi
1066 2811 1275 2894 grammatici,
1300 2812 1355 2893 qui

180 2918 249 2982 sine
271 2918 335 2983 ullo
360 2916 540 2982 discrimine
562 2937 625 2981 non
648 2916 742 2982 modo
766 2916 1008 2981 commentarios
1022 2916 1273 3000 magistratuum,
1298 2918 1356 2982 sed

181 3024 261 3088 alios
296 3023 391 3088 etiam
426 3023 544 3105 fontes,
580 3024 725 3105 quamvis
759 3028 869 3087 tenues
904 3027 999 3103 atque
1032 3023 1130 3094 leves,
1158 3022 1353 3106 adhiberent,

180 3130 356 3214 complures
379 3129 518 3194 actiones
541 3129 574 3193 in
597 3149 694 3194 unam
716 3127 953 3193 confunderent.

287 3253 466 3318 Verisimile
489 3253 586 3336 igitur
609 3258 665 3334 est,
689 3251 853 3335 Adelphos
875 3251 1012 3333 primum
1028 3271 1097 3316 esse
1112 3259 1216 3316 actam
1232 3273 1260 3316 a.
1278 3273 1309 3317 u.
1326 3274 1354 3319 o.

181 3360 261 3441 5923
294 3378 356 3441 quo
380 3365 502 3442 spectat
524 3358 652 3423 fabulae
675 3358 834 3441 prologus.
851 3395 895 3403 —
910 3357 1024 3422 Relata
1047 3365 1152 3422 autem
1176 3365 1224 3423 est
1246 3359 1356 3425 fabula

182 3486 211 3530 a.
228 3485 258 3530 u.
276 3485 302 3530 c.
320 3465 386 3529 594
410 3464 530 3530 eisdem
552 3465 635 3530 ludis
658 3463 851 3546 funebribus,
876 3463 989 3544 quibus
1005 3464 1133 3548 Hecyra
1154 3465 1268 3529 iterum
1290 3485 1354 3530 non

181 3577 310 3655 peracta
333 3577 389 3636 est.

288 3679 359 3743 Non
387 3698 469 3762 nego
498 3677 581 3742 hanc
614 3676 803 3742 sententiam
837 3695 857 3739 a
885 3694 936 3739 me
970 3675 1126 3757 prolatam
1159 3677 1356 3742 dubitatione

181 3804 245 3849 505
272 3804 399 3868 prorsus
428 3804 552 3849 vacare.
605 3783 669 3848 Sed
697 3803 768 3847 cum
795 3781 863 3847 fieri
892 3801 956 3846 non
984 3782 1093 3866 possit,
1123 3790 1158 3847 ut
1186 3783 1355 3867 Adelphon

292 3965 309 4028 ¹)
345 3965 406 4018 Hoc
425 3978 457 4018 eo
476 3962 581 4018 facilius
597 3960 657 4017 fieri
674 3963 771 4030 potuit,
794 3962 867 4031 quod
886 3961 914 4015 in
932 3960 1086 4016 didascaliis
1103 3962 1273 4017 Terentianis
1293 3977 1356 4017 con-

182 4054 271 4107 sulum
289 4054 399 4107 nomina
417 4068 471 4106 505
490 4053 638 4120 perscripta
661 4067 719 4106 esse
741 4051 842 4118 solent3
874 4050 973 4104 omissa
996 4051 1066 4104 enim
1090 4055 1154 4104 sunt
1177 4055 1224 4105 aut
1247 4052 1356 4106 nomina

180 4142 319 4210 gentilicia
336 4146 385 4196 aut
403 4140 572 4208 cognomina.

289 4246 308 4311 ¹)
345 4245 379 4304 cl.
398 4246 449 4302 Rh.
468 4247 536 4302 Mus.
555 4246 640 4314 XXI,
659 4262 687 4315 p.
708 4246 749 4300 73.

288 4352 308 4419 ³)
344 4353 455 4409 Aediles
475 4354 582 4409 curules
599 4353 680 4407 modo
698 4352 777 4408 ludos
795 4350 928 4421 publicos,
955 4367 1010 4406 non
1032 4351 1154 4420 privatos
1178 4350 1356 4407 celebrandos

180 4441 321 4498 curabant.
