3228 5030
661 381 880 447 ,41-

184 561 355 626 admodum
378 583 459 645 raro,
484 563 566 627 hano
589 562 723 626 formam
738 561 881 644 syllabae
897 563 961 644 „a“
976 563 1161 647 productam
1177 585 1354 649 usurpasse.

185 668 356 734 Caecilium
373 669 509 734 Statium
532 669 638 752 igitur,
664 667 718 748 qui
734 666 873 732 medium
889 669 980 750 quasi
997 670 1099 735 locum
1114 671 1196 736 inter
1211 672 1356 739 Plautum

184 780 215 839 et
244 775 428 840 Terentium
456 775 591 856 obtinet,
622 774 705 838 huuc
733 792 824 837 usum
851 777 1007 858 recepisse
1034 777 1121 841 haud
1150 777 1357 860 improbabile

183 886 240 945 est.
289 879 366 945 Cum
391 887 497 945 autem
519 886 685 964 praeterea
714 900 754 945 ex
777 881 876 946 altero
899 883 1045 966 Hecyrae
1074 883 1206 967 prologo
1237 884 1357 949 intelle·

182 1005 304 1070 gamus,
329 987 512 1053 Ambivium
535 988 728 1071 Turpionem
757 988 1080 1071 „adulescentiorcm“
1104 990 1232 1056 Caecilii
1262 991 1357 1056 Statii

182 1092 309 1158 fabulas
331 1094 445 1176 egisse,
470 1092 605 1158 eundem
626 1113 754 1175 quoquc
777 1114 884 1160 senem
904 1096 1057 1162 eiusmodi
1074 1097 1222 1180 pristinas
1238 1096 1357 1162 formas

182 1218 246 1263 non
268 1199 454 1282 repudiasse
476 1218 641 1281 possumus
665 1201 865 1266 existumare.
904 1201 1016 1284 Itaque
1039 1202 1091 1268 bic
1106 1222 1231 1285 quoque
1247 1224 1357 1269 vorsus

182 1304 304 1386 aliquid
327 1305 477 1370 valetud
500 1304 748 1371 confirmandam
771 1314 911 1372 nostram
933 1309 1131 1373 sententiam.

182 1446 255 1511 Jam
278 1446 444 1512 videamus
464 1467 575 1512 versus
598 1448 700 1512 6-8:

289 1554 352 1636 „Et
374 1553 401 1617 is
425 1553 478 1635 qui
503 1554 629 1637 scripsit
650 1554 733 1619 hanc
755 1557 796 1621 ob
820 1577 890 1621 eam
913 1577 979 1622 rem
1002 1557 1102 1622 noluit

289 1660 407 1724 Iterum
430 1659 558 1742 referre,
582 1666 617 1726 ut
640 1661 753 1726 iterum
775 1668 882 1746 posset
905 1663 1052 1747 vendere,

289 1871 379 1937 Alias
402 1872 562 1955 cognostis
584 1873 667 1938 eius:
699 1893 817 1955 quaeso
840 1873 922 1940 hanc
944 1877 1097 1942 noscite.“

289 2018 364 2081 Post
386 2033 512 2080 versum
534 2014 652 2080 lbunc
674 2016 838 2100 prologum
863 2039 1009 2084 mancum
1034 2039 1102 2084 esse
1121 2019 1189 2104 jam
1213 2020 1322 2085 lbnius
1332 2018 1355 2105 ¹)

182 2120 272 2186 vidit.
319 2120 384 2185 Sed
407 2141 476 2185 cum
500 2140 619 2203 versuo,
644 2122 698 2203 qui
722 2123 919 2208 antecedunt,
947 2145 1011 2190 non
1033 2132 1118 2191 recte
1140 2127 1354 2209 intellexisset,

180 2227 326 2292 lacunam
348 2246 496 2311 perverse
520 2228 669 2310 explevit.
716 2229 798 2294 Nam
813 2250 923 2296 versus
946 2234 1014 2297 bot
1031 2234 1049 2296 7
1066 2232 1112 2297 sic
1134 2233 1356 2315 interpretatus

181 2339 243 2399 cst:
268 2333 374 2417 „hanc
397 2335 436 2399 ob
453 2354 524 2398 eam
540 2354 607 2398 rem
630 2335 765 2399 noluit“
789 2343 847 2402 cet.
875 2336 960 2401 idem
984 2337 1163 2421 significare
1179 2359 1231 2404 ac:
1255 2360 1355 2421 „non

181 2441 221 2506 ob
245 2460 316 2504 eam
339 2461 406 2505 rem
429 2440 540 2505 voluit
567 2441 682 2504 iterum
710 2440 837 2524 reterre,
867 2449 902 2507 ut
929 2444 1043 2508 iterum
1072 2452 1179 2528 posset
1206 2445 1353 2528 vendere,

181 2546 238 2611 sed
267 2596 461 2612 ......
466 2548 485 2582 “
531 2547 574 2611 At
602 2547 793 2630 Dziatzk02)
823 2555 907 2613 recto
934 2549 1066 2616 adnotat
1099 2553 1161 2634 „ob
1191 2572 1261 2616 eam
1288 2573 1355 2617 rem

181 2653 314 2718 noluit“
337 2673 395 2736 pro
418 2673 520 2736 „non
550 2655 589 2719 ob
614 2674 684 2718 eam
708 2675 774 2719 rem
801 2655 931 2719 voluit“
954 2656 1052 2721 latine
1075 2656 1138 2721 dici
1160 2678 1224 2722 non
1246 2677 1354 2742 posse3

180 2758 277 2823 immo
310 2766 420 2844 poeta,
458 2765 493 2824 ut
527 2759 573 2823 ait
607 2760 779 2843 Dniatnlro,
818 2761 960 2845 profecto
996 2764 1155 2845 „avarus“
1190 2763 1249 2828 hoc
1285 2764 1354 2830 loco

180 2864 375 2947 describitur,
399 2872 434 2930 ut
451 2864 521 2949 jam
543 2867 686 2931 Donatus
709 2867 932 2950 interpretatus
956 2875 1012 2932 est.

287 2989 352 3054 Sed
375 2989 415 3053 de
438 2989 552 3054 lacuna
581 2990 739 3072 explenda
767 3012 829 3056 non
859 2992 1020 3056 consentio
1050 3012 1121 3057 curn
1144 2993 1353 3076 Dniatzlxone,

180 3094 234 3176 qui
264 3114 335 3159 cum
362 3101 452 3178 putet
474 3085 657 3161 Terentium
686 3104 760 3162 ante
788 3119 817 3161 a.
842 3099 908 3162 594
936 3097 1078 3163 fabulam
1106 3099 1181 3163 olim
1211 3106 1356 3164 exactam

180 3200 319 3265 noluisse
347 3202 380 3266 in
410 3222 537 3267 scenam
566 3203 651 3287 dari,
687 3210 722 3268 ut
749 3204 863 3269 iterum
895 3203 1060 3288 venderet,
1097 3224 1134 3269 co
1165 3205 1235 3289 ipso
1271 3226 1354 3270 anno

180 3315 287 3372 autem
308 3313 343 3375 P.
369 3309 513 3376 Cornelio
537 3311 688 3394 Scipioni,
713 3311 749 3374 L.
774 3311 902 3376 Aemilii
925 3311 1016 3378 Pauli
1039 3311 1113 3395 filio,
1142 3319 1255 3395 poetae
1279 3313 1355 3376 ami-

180 3413 316 3498 cissime,
341 3435 411 3480 earn
433 3437 495 3481 non
516 3417 697 3482 vendidisse
718 3417 855 3500 quidem,
877 3417 934 3482 sed
955 3416 1037 3482 ludis
1058 3418 1241 3483 funebribus
1261 3439 1356 3502 agen·

180 3520 255 3585 dam
278 3522 468 3605 permisisse,
491 3524 569 3589 haec
592 3524 659 3589 fere
674 3530 746 3608 post
756 3543 887 3598 ,versum
904 3525 922 3587 7
939 3523 1057 3607 scripta
1072 3522 1169 3588 fuisse
1185 3525 1354 3589 existimat.

287 3644 352 3711 Sed
374 3647 510 3730 primum
533 3649 660 3730 quidem
683 3648 762 3713 illud
784 3667 896 3731 parum
912 3647 1083 3712 verisimile
1108 3654 1163 3731 est,
1187 3648 1271 3713 ludis
1292 3649 1356 3714 illis

180 3750 373 3836 funebribus,
391 3773 469 3836 quos
485 3754 667 3837 splendidos
683 3754 781 3819 fuisse
797 3754 922 3837 scimus,
934 3755 969 3819 P.
983 3752 1163 3819 Cornelium
1174 3755 1355 3838 Scipionem

180 3858 340 3942 Hecyram
369 3859 526 3944 agendam
555 3880 694 3943 curasse,
730 3861 790 3926 uisi
824 3860 966 3925 fabulam
999 3860 1102 3943 pretio
1125 3880 1181 3925 suo
1217 3861 1354 3927 emisset.

180 3963 304 4029 Deinde
332 3985 403 4030 cum
425 3966 552 4050 Hecyra
580 3987 637 4032 sex
666 3967 758 4032 annis
786 3974 859 4031 ante
887 3966 1023 4049 primum
1052 3973 1124 4031 acta
1153 3972 1243 4050 osset,
1279 3987 1355 4033 sanc

180 4070 294 4136 mirum
322 4078 404 4155 erat,
440 4072 525 4154 quod
552 4079 647 4156 poeta
675 4073 816 4137 fabulam
844 4078 917 4137 ante
945 4070 1028 4137 hunc
1057 4092 1174 4137 annum
1198 4073 1263 4138 594
1292 4094 1355 4138 non

179 4177 332 4242 vendidit.

290 4356 307 4421 1)
343 4357 453 4422 Quacst.
471 4358 579 4412 Terent.
599 4359 676 4412 Bonn
696 4359 765 4413 1843
784 4362 900 4413 sentent.
918 4362 1002 4412 contr.
1023 4359 1066 4412 16.

288 4462 307 4526 ¹)
342 4462 393 4518 Rh.
412 4465 533 4520 Murcum
552 4465 627 4520 XXI.
646 4481 674 4534 p.
692 4465 753 4521 474.
