3228 5030
686 388 907 453 ..51-

314 564 460 647 Denique
482 566 685 632 manifestam
707 566 860 632 habemus
882 586 1020 650 causam,
1050 588 1105 633 cur
1128 568 1296 633 Terentius
1323 567 1383 633 hos

208 671 356 756 prologos
367 674 389 751 ¹)
419 692 482 736 non
510 673 579 756 ipse
608 673 836 757 conscripserit.
866 711 911 718 -
944 673 1100 739 Nimirum
1135 674 1221 756 quod
1255 675 1382 740 omnino

208 798 271 843 non
296 777 364 862 jam
393 780 513 843 Romae
541 778 666 862 aderat,
698 800 769 844 cum
798 781 925 862 Hecyra
958 780 1073 845 iterum
1103 787 1259 864 ageretur.
1318 780 1383 846 Sed

207 885 302 950 liceat
324 884 364 949 de
386 884 448 950 hac
470 886 663 969 quaestione,
688 907 783 969 quam
799 906 896 969 snpra
906 884 975 970 jam
990 887 1128 951 breviter
1143 887 1382 970 perstrinximus

209 989 252 1079 [p.
276 989 348 1078 42],
372 1011 455 1056 nune
477 993 654 1057 accuratius
676 991 847 1076 disputare.
1090 1003 1093 1010 '

314 1133 418 1216 Vulgo
433 1133 530 1216 igitur
545 1133 682 1226 ereditur
693 1133 859 1198 Terentius
874 1140 946 1218 post
960 1135 1086 1200 tertiam
1098 1134 1224 1200 demum
1236 1135 1384 1215 Hecyrae

208 1240 374 1322 actionem,
405 1260 500 1322 quam
528 1240 612 1305 ludis
641 1239 801 1322 Romanis,
830 1240 878 1305 Id.
906 1240 1029 1325 Septbr.
1060 1241 1234 1323 celebratis,
1265 1241 1383 1306 iactam

209 1366 277 1411 esse
299 1346 376 1411 satis
399 1349 560 1429 constat,²y
584 1347 617 1410 in
633 1345 800 1413 Graeciam
822 1347 982 1429 profectus
1005 1367 1083 1412 esse.
1122 1347 1212 1424 Quae
1227 1348 1385 1412 sententia

208 1453 317 1516 nititur
341 1473 387 1535 eo,
418 1453 503 1535 quod
532 1453 566 1517 in
595 1452 725 1518 Suetoni
754 1452 822 1516 vita
850 1453 1042 1517 Terentiana
1071 1459 1225 1535 narratur,
1255 1459 1384 1537 poetam

208 1565 296 1641 post
329 1558 459 1623 editas
488 1557 711 1624 comoedias
740 1557 773 1622 in
802 1559 969 1626 Graeciam
999 1579 1158 1642 egressum
1188 1579 1265 1624 esse.
1318 1559 1383 1626 Sed

208 1664 313 1729 editae
336 1672 426 1729 erant
448 1664 631 1730 comoediae
649 1664 717 1749 jam
742 1664 797 1729 diu
820 1672 893 1729 ante
916 1665 1041 1730 tertiam
1057 1667 1203 1750 Hecyrae
1226 1667 1383 1730 actionem

207 1770 268 1852 vel,
285 1771 313 1834 si
324 1770 487 1855 Adelphos
503 1779 576 1836 ante
588 1793 617 1836 a.
631 1792 661 1836 u.
676 1772 776 1836 15114
792 1771 927 1855 primurn
944 1779 1046 1836 actam
1060 1792 1129 1837 esse
1146 1772 1300 1856 concedis,
1314 1771 1383 1857 jam

207 1882 279 1959 post
306 1876 505 1942 Phormionis
533 1879 704 1960 actionem,
732 1877 753 1941 i.
779 1898 805 1942 e.
835 1898 941 1942 mense
970 1878 1147 1962 Septembri
1177 1900 1207 1944 a.
1237 1879 1312 1943 593.
1338 1917 1382 1925 —

207 1983 333 2047 Dixerit
355 1984 523 2067 quispiam,
547 1984 688 2049 fabulam
711 1984 851 2049 nondum
873 1991 1033 2068 peractam
1057 2005 1097 2049 ne
1120 1985 1238 2050 editam
1254 1985 1386 2067 quidem

208 2107 285 2154 esse.
333 2089 397 2155 Sed
420 2090 582 2172 „fabulam
598 2090 712 2155 edere“
735 2089 815 2154 nihil
831 2089 918 2155 aliud
934 2091 1113 2174 significare
1128 2091 1263 2175 videtur,
1289 2112 1383 2174 qnam

208 2194 371 2277 „fabulam
386 2197 420 2260 in
435 2216 561 2261 scenam
578 2196 686 2279 dare“;
710 2197 842 2260 multum
855 2203 961 2261 autern
976 2197 1128 2262 interesse
1143 2197 1225 2262 inter
1240 2198 1382 2263 fabulam

207 2301 240 2364 in
264 2321 390 2366 scenam
413 2302 521 2367 datam
538 2310 568 2367 et
591 2303 732 2367 fabulam
748 2309 907 2384 peractam
925 2310 1058 2387 apparet
1074 2324 1114 2368 111
1129 2304 1220 2368 initio
1235 2306 1382 2389 Hecyrae

207 2409 331 2491 prologi
353 2409 477 2492 prioris,
503 2410 556 2474 ubi
579 2408 690 2474 fabula
713 2409 789 2474 data
818 2430 837 2472 a
865 2409 974 2474 fabula
997 2416 1138 2493 spectata
1161 2410 1380 2494 distinguitur:

315 2600 334 2633 „
861 2575 868 2615 :
893 2551 972 2616 haec
995 2572 1066 2616 cum
1090 2552 1224 2617 datast

314 2658 438 2739 Nova,
462 2678 578 2723 novom
601 2658 770 2723 intervenit
792 2657 906 2722 vitium
929 2664 960 2722 et
982 2659 1155 2741 calamitas,

315 2764 359 2828 Ut
380 2784 483 2846 neque
512 2764 689 2848 spectari
716 2784 819 2846 neque
842 2765 989 2846 cognosci
1011 2765 1182 2847 potuerit.“

315 2904 476 2982 Quaecum
499 2906 546 2970 ita
568 2906 640 2988 sint,
664 2906 752 2970 nulla
775 2911 822 2970 est
837 2926 942 2988 causa,
967 2926 1021 2971 cur
1037 2907 1219 2972 Terentium
1235 2913 1381 2973 auctumo

209 3031 237 3074 a.
262 3031 292 3076 u.
317 3031 343 3076 c.
368 3012 490 3076 594111
514 3013 681 3079 Graeciam
710 3013 884 3095 profectum
915 3031 984 3076 esse
1012 3019 1168 3096 putemus.
1214 3014 1382 3079 Praeterea

207 3123 315 3182 notum
340 3124 387 3182 est
410 3119 514 3184 hieme
530 3118 658 3183 ineunte
680 3120 837 3184 neminem
866 3120 947 3183 ultro
976 3119 1123 3203 periculis
1150 3120 1326 3185 maritumis
1349 3141 1383 3186 se

208 3221 374 3308 objecisse,
406 3224 628 3308 gravissimum
652 3233 756 3291 autern
781 3231 829 3290 est
851 3224 910 3290 hoc
932 3224 1075 3290 Philonis
1098 3225 1213 3292 Judaei
1243 3222 1316 3312 [leg.
1341 3227 1383 3292 ad

208 3329 279 3396 Gai.
304 3329 369 3394 548
393 3352 434 3397 m.
465 3334 494 3412 ξ.
520 3329 568 3418 3]:

314 3449 446 3540 „dpyri
469 3449 537 3541 γὰρ
560 3445 603 3540 ἦν
625 3449 852 3540 μετοπώρου
875 3461 1050 3529 τελευταῖος
1071 3458 1169 3530 πλοῦς
1184 3461 1247 3529 τοῖς
1262 3465 1384 3528 &alar-

313 3556 482 3626 radouard‘
506 3565 565 3624 eet.

313 3700 378 3766 Sed
393 3706 514 3766 constat
528 3700 583 3765 illo
598 3699 690 3764 initio
706 3695 939 3785 „yterondpov“,
964 3699 1049 3783 quod
1064 3699 1210 3766 nimirum
1228 3701 1263 3764 in
1278 3699 1383 3766 medio

206 3806 274 3872 fere
296 3813 464 3872 auctumno
488 3807 668 3890 ponendum
692 3811 749 3887 est,
778 3803 920 3870 Philonis
947 3808 1140 3891 temporibus
1169 3806 1381 3890 significatum

207 3933 275 3979 esse
298 3913 532 3996 aequinoctium
541 3914 564 3993 ³)
590 3912 749 3979 auctumni
774 3908 815 3998 [a.
841 3911 871 3977 d.
888 3912 959 3978 VH.
983 3913 1050 3980 Gal.
1075 3912 1213 4002 Octobr]
1257 3915 1382 3981 Nautae

317 4090 334 4159 ¹)
370 4092 485 4149 Constat
510 4093 634 4163 Hecyrae
660 4093 804 4162 prologum
831 4091 948 4160 priorem
980 4093 1017 4147 ad
1043 4094 1203 4162 secundam,
1241 4095 1381 4162 prologum

207 4183 321 4237 alterum
341 4181 377 4236 ad
395 4183 503 4236 tertiam
522 4180 632 4236 fabulae
650 4182 783 4236 actionem
802 4180 933 4248 scriptum
952 4197 1019 4242 esse.

316 4287 334 4354 ²)
370 4287 421 4344 Rh.
441 4289 510 4343 Mus.
529 4288 605 4342 XXI.
623 4304 651 4356 p.
671 4289 713 4343 73.

315 4393 335 4458 ³)
371 4393 404 4450 cf.
423 4394 473 4450 Ph.
491 4396 523 4450 Ε.
542 4393 684 4450 Huschke:
706 4395 782 4464 „Das
800 4394 854 4449 alte
872 4393 1006 4450 rdmische
1023 4394 1093 4450 Jahr
1110 4396 1166 4450 und
1184 4396 1258 4452 scine
1277 4390 1382 4465 Tage.“

208 4483 353 4540 Romischc
371 4481 492 4553 Studien,
512 4485 533 4540 I.
552 4501 579 4553 p.
600 4485 661 4539 133.

1168 4589 1205 4646 β
