3228 5030
727 1069 807 1184 ll.

312 1268 416 1379 tluo
453 1273 680 1402 tempore
718 1263 923 1374 Terenti
963 1262 1212 1400 Adelphoe

517 1443 738 1615 primurn
777 1447 890 1550 eote
926 1440 1005 1551 sit.

285 1658 547 1739 Wilmannsius1)
579 1657 700 1741 primus
728 1655 893 1722 ostendere
922 1654 1055 1738 studuit,
1090 1655 1253 1739 Adelphos
1281 1652 1350 1738 jam

178 1770 252 1829 ante
280 1785 310 1830 a.
335 1765 411 1847 594,
447 1783 509 1846 quo
538 1770 679 1846 tempore
706 1762 849 1828 fabulam
878 1768 981 1827 aetam
1010 1781 1079 1827 esse
1107 1781 1146 1826 ex
1175 1760 1351 1826 didascalia

177 1869 320 1952 intellegi
335 1875 449 1954 potest,
466 1869 500 1934 in
514 1888 641 1934 seeuam
657 1869 766 1933 datam
782 1888 866 1950 esse3
883 1866 924 1933 ad
937 1889 1033 1950 quam
1045 1868 1183 1953 priorem
1194 1853 1350 1931 aotionem

177 1976 335 2058 pertinere
370 1975 498 2041 fabulae
531 1976 706 2058 prologum.
739 2013 780 2022 -
809 1975 901 2040 Hane
928 1974 1128 2039 Wilmannsii
1162 1974 1351 2038 sententiam

178 2081 253 2146 olim
276 2082 424 2164 probauit
446 2082 629 2161 Dniatzko²t
653 2100 788 2162 eumque
811 2089 936 2146 secutus
959 2087 1007 2146 est
1029 2081 1350 2162 Paeekelmannus⁸l;

178 2187 235 2253 sed
252 2188 337 2269 quod
353 2189 485 2253 alteram
498 2189 725 2269 quaestionem,
742 2208 805 2269 quo
818 2194 959 2271 tempore
974 2186 1054 2252 haee
1068 2187 1172 2272 prima
1183 2185 1352 2269 Adelphon

177 2293 260 2358 aetio
284 2293 371 2358 faeta
393 2301 484 2376 esset,
509 2294 569 2358 viri
593 2293 678 2358 doeti
701 2293 805 2358 adhue
827 2315 890 2359 non
905 2295 983 2359 satis
998 2292 1203 2377 probabiliter
1218 2293 1351 2358 solvisse

178 2399 340 2482 videntur,
374 2399 530 2465 dubitatio
558 2399 670 2463 reliota
704 2407 767 2482 est,
801 2421 876 2465 num
913 2400 1040 2466 omnino
1069 2400 1126 2465 illa
1149 2399 1350 2464 Wilmannsii

180 2506 336 2571 sententia
358 2506 523 2588 probanda
546 2506 596 2571 sit.

286 2610 357 2688 Qua
379 2632 415 2678 re
436 2632 501 2677 non
523 2611 634 2676 inutile
657 2632 726 2677 esse
749 2613 859 2695 putavi
883 2633 949 2678 rem
971 2611 1074 2678 denuo
1090 2618 1293 2696 pertractare,
1317 2620 1353 2677 ut

180 2717 245 2782 alia
267 2716 509 2801 argumentandi
533 2718 586 2782 via
609 2718 690 2782 inita
711 2719 799 2782 illam
823 2719 1039 2801 quaestionem
1061 2719 1283 2801 persolverem.

286 2824 513 2889 Wilmannsius
527 2825 624 2907 igitur
635 2831 804 2909 propterea
818 2825 1018 2908 potissimum
1033 2826 1175 2908 putabat,
1188 2823 1352 2908 Adelphos

178 2927 243 3013 jam
272 2936 346 2995 ante
374 2951 402 2995 a.
427 2930 493 2994 594
523 2930 659 3013 primum
689 2950 758 2996 esse
786 2940 899 3015 aotam,
933 2930 1019 3013 quod
1047 2930 1175 2996 fabulae
1202 2932 1352 3016 prologus

179 3056 199 3099 a
221 3041 316 3119 poeta
339 3036 501 3118 aliquanto
524 3036 626 3101 lenius
649 3037 783 3120 seriptus
807 3044 889 3102 esset
912 3057 1008 3120 quam
1031 3037 1240 3120 posteriorum
1262 3037 1352 3103 fabu-

178 3141 281 3206 larum
309 3142 448 3226 prologi,
484 3143 530 3207 ita
558 3149 593 3207 ut
621 3163 685 3208 non
713 3143 756 3208 ad
789 3144 945 3208 actionem
977 3145 1065 3208 illam
1098 3164 1127 3208 a.
1158 3165 1188 3210 u.
1218 3164 1245 3211 o.
1274 3145 1350 3227 594,

178 3248 387 3332 penultimam
415 3248 564 3332 omnium,
594 3268 676 3331 quae
699 3249 848 3314 Terentio
877 3250 951 3316 vivo
980 3249 1085 3314 fartae
1113 3255 1194 3331 sunt,
1224 3250 1282 3314 sed
1309 3250 1353 3315 ad

178 3354 318 3437 priorem
340 3354 501 3436 quandam
522 3354 704 3436 pertineret.
728 3392 772 3400 —
796 3355 889 3432 Quod
912 3363 1131 3440 argumentum
1155 3355 1240 3422 eurr.
1256 3357 1352 3440 Wag-

93 3497 97 3504 ·
179 3462 306 3545 nerus4)
330 3461 377 3540 sio
399 3460 440 3526 ad
464 3461 586 3526 irritum
615 3461 761 3546 redigere
790 3461 908 3527 studet:
949 3463 1004 3546 „in
1027 3461 1197 3546 Adelphon
1219 3463 1351 3547 prologo

179 3567 362 3633 Terentium
390 3568 488 3632 multo
517 3567 684 3632 demissius
718 3569 856 3633 loeutum
891 3588 974 3650 esse,
1010 3589 1104 3650 quam
1132 3568 1285 3634 Eunueho
1320 3575 1353 3636 et

178 3673 368 3741 Phormione
397 3680 492 3739 autea
517 3693 667 3758 prospere
695 3675 831 3758 peractis
861 3680 1070 3759 exspeotares,
1106 3673 1191 3758 quod
1214 3675 1353 3760 Hecyra,

180 3798 262 3861 quae
286 3779 405 3845 eisdem
428 3780 512 3844 ludis
538 3779 722 3846 funebribus
750 3781 846 3865 paulo
874 3787 948 3846 ante
970 3781 1134 3865 Adelphos
1162 3781 1196 3845 in
1225 3801 1352 3848 soenam

179 3884 255 3950 data
278 3892 370 3969 esset,
394 3887 508 3952 iterum
531 3887 759 3970 spectatoribus
781 3907 845 3952 non
867 3889 1001 3971 probata
1023 3893 1114 3971 esset,
1138 3893 1173 3952 ut
1194 3887 1227 3953 in
1247 3889 1352 3971 prima
1377 3897 1379 3901 '

179 3991 303 4057 aotione
330 4013 360 4057 a.
385 3993 450 4057 589
480 3992 597 4059 faota“.
628 4030 671 4038 -
701 3993 766 4059 Sed
794 3993 848 4075 qui
878 3993 946 4059 fieri
975 3994 1093 4078 potuit,
1122 4001 1158 4059 ut
1184 3994 1352 4062 Terentius

289 4171 306 4232 ¹)
343 4173 455 4226 Dissert.
468 4171 534 4240 phil.
553 4173 635 4227 Berol
663 4173 745 4228 1864:
765 4172 817 4242 „de
835 4172 991 4227 didascaliis
1008 4167 1198 4227 Terentianis“
1215 4189 1243 4242 p.
1256 4174 1291 4228 49
1309 4189 1351 4245 sq.

287 4277 307 4340 ¹)
343 4277 393 4332 an.
413 4278 473 4334 nus
500 4279 576 4334 xxr.
596 4295 622 4344 p.
643 4280 676 4334 ro
695 4295 735 4348 sq.
755 4307 789 4317 -
809 4279 844 4334 or.
862 4277 948 4347 praef.
967 4278 1086 4346 Adelph.
1106 4280 1221 4348 1881p.
1242 4282 1284 4335 1e.
1354 4259 1358 4266 '

286 4382 306 4449 ³)
341 4384 454 4440 Dissert.
473 4384 539 4454 phil.
558 4385 621 4440 Hal.
641 4387 725 4440 1875:
743 4386 796 4454 „de
814 4385 908 4441 ordine
926 4386 956 4442 P.
975 4385 1087 4440 Terenti
1104 4381 1285 4444 fabuuum‘t

285 4489 306 4542 ⁴l
343 4490 455 4555 „Jahrb
474 4489 492 4546 f.
512 4485 628 4548 Philol.“
648 4492 716 4547 1865
734 4507 762 4560 p.
782 4491 842 4547 290.
