3228 5030
334 760 407 870 lle
444 760 684 870 Arusinni
720 760 894 871 Messii
929 758 1238 870 testimoniis

292 927 294 932 ’
625 937 954 1048 Terentienis.

307 1153 344 1216 In
366 1152 564 1236 praefatione
587 1153 630 1218 ad
645 1153 793 1218 Arusiani
809 1153 917 1218 Messii
939 1151 1109 1235 „exempla
1132 1150 1375 1232 elocutiouum“,

80 1299 90 1344 ·.
200 1278 301 1342 nuper
327 1259 361 1324 in
390 1260 667 1344 grammaticorum
694 1260 865 1324 latinorum
887 1259 1048 1324 volumine
1071 1258 1140 1322 VII.
1171 1257 1266 1338 edita,
1291 1256 1376 1320 Hen-

199 1365 282 1430 rieus
305 1365 429 1432 Keilius
452 1365 689 1449 demonstravit,
720 1385 828 1431 omnes
856 1365 942 1430 illius
964 1365 1038 1430 libri
1057 1363 1186 1430 codices
1210 1362 1320 1429 ductos
1344 1368 1377 1428 et

168 1539 171 1546 Δ
201 1470 373 1553 descriptos
401 1491 470 1538 esse
498 1492 538 1537 ex
565 1472 673 1538 codice
701 1472 911 1555 Neapolitano
940 1470 1150 1536 bibliothecae
1177 1470 1286 1554 regiae
1309 1469 1376 1552 lV.,

200 1577 256 1664 A„
289 1578 339 1642 11.
391 1579 461 1642 Hac
487 1579 585 1662 igitur
613 1580 645 1643 in
673 1577 825 1661 editione,
856 1597 937 1660 quae
966 1577 1051 1642 illius
1080 1576 1197 1642 codicis
1227 1575 1376 1641 tentiones

202 1683 339 1766 exhibet,
369 1685 568 1768 grammatici
592 1685 748 1768 scriptura
771 1684 813 1749 ad
840 1690 959 1749 certam
987 1682 1083 1748 fidem
1111 1688 1260 1748 revocata
1291 1679 1377 1766 est.¹)

200 1789 398 1873 Quamquam
422 1796 528 1855 autem
544 1791 771 1874 Neapolitanus
795 1809 865 1854 cum
888 1790 1088 1871 gravioribus
1111 1787 1296 1871 corruptelis
1311 1807 1376 1852 non

198 1902 299 1978 vacet,
324 1895 366 1961 ad
381 1897 510 1961 Terenti
526 1896 651 1962 fabulas
667 1894 881 1960 emendandas
897 1894 984 1959 haud
1000 1896 1131 1961 multum
1147 1895 1242 1976 valet,
1268 1900 1372 1959 tamen

200 2022 315 2086 operae
338 2004 474 2087 pretium
498 2008 554 2085 est,
579 2003 726 2085 exempla
750 2022 790 2068 ex
806 2002 1006 2067 Terentianis
1029 2001 1145 2067 fabulis
1162 2002 1202 2067 ab
1219 2001 1376 2066 Arusiano

75 2175 79 2182 ,
199 2109 360 2193 adscripta
389 2129 586 2193 componere.
634 2108 716 2175 Nam
745 2107 919 2174 conferenti
950 2109 1027 2173 mihi
1054 2108 1205 2173 lectiones
1227 2107 1377 2172 Arusiani

199 2216 387 2281 testimoniis
414 2216 537 2281 oblatas
566 2236 636 2280 cum
666 2215 727 2298 eis,
763 2234 843 2297 quas
871 2214 961 2279 cedd.
994 2215 1177 2280 Terentiani
1211 2214 1375 2298 praebent,

200 2322 400 2387 Victorianus
423 2343 464 2388 ex
487 2323 632 2388 omnibus
655 2323 743 2388 libris
766 2322 990 2406 manuscriptis
1017 2323 1112 2406 longe
1140 2322 1281 2386 maxima
1309 2319 1378 2384 affi-

201 2428 300 2494 nitate
323 2449 394 2496 cum
416 2429 627 2513 Neapolitano
652 2428 835 2512 conjunctus
857 2428 1025 2494 videbatur
1050 2448 1128 2493 esse.

237 2602 238 2606 ,
307 2536 356 2599 Ex
396 2555 459 2617 quo
497 2536 639 2617 sequitur
678 2536 868 2600 sententiam
902 2534 1164 2618 Umpfenbachii,
1200 2535 1255 2617 qui
1296 2533 1380 2597 hunc

138 2676 143 2686 ι
200 2640 339 2707 codicem
365 2642 601 2724 „recensionem
624 2640 855 2725 Oalliopianam
879 2662 918 2706 ex
939 2641 1058 2732 Donati
1087 2645 1263 2705 commento
1290 2639 1379 2704 refic-

200 2748 288 2812 tam“
312 2746 461 2813 exhibere
484 2746 684 2830 existimat‚²)
709 2748 836 2830 probari
860 2767 923 2813 non
946 2766 1048 2832 posse.

307 2854 457 2919 Arusiani
473 2854 570 2938 igitur
593 2860 745 2919 centum
769 2861 806 2920 et
828 2853 1083 2937 septuaginta
1105 2852 1179 2917 tria
1198 2851 1379 2917 testimonia

200 2960 394 3025 Terentiana
422 2961 456 3024 in
483 2959 545 3024 tria
573 2980 692 3043 genera
719 2959 936 3025 distribuenda
970 2965 1052 3025 sunt.
1102 2958 1243 3027 Primum
1277 2978 1377 3041 genus

200 3067 400 3150 amplectitur
423 3085 462 3130 ea
485 3067 640 3149 exempla,
671 3086 752 3148 quae
776 3065 903 3132 easdem
927 3066 1078 3132 lectiones
1101 3065 1251 3131 exhibent
1282 3070 1378 3146 atque

200 3192 308 3239 omnes
324 3171 447 3238 codices
463 3173 661 3257 Terentiani3
686 3173 819 3238 alterum
835 3178 958 3238 constat
974 3192 1012 3237 ex
1029 3171 1227 3253 testimoniis,
1245 3190 1378 3253 quorum

198 3280 350 3345 tentiones
373 3280 413 3343 ab
436 3279 577 3344 omnium
600 3278 742 3344 codicum
766 3279 921 3363 scriptura
950 3279 1114 3361 recedunt3
1150 3278 1276 3342 tertium
1306 3296 1378 3341 con-

199 3387 279 3451 tinet
301 3405 355 3451 eos
377 3404 496 3467 versus,
527 3385 581 3450 ubi
605 3385 780 3450 Arusianus
809 3393 864 3451 aut
891 3406 961 3451 eum
989 3405 1052 3451 uno
1080 3384 1189 3450 codice
1217 3383 1295 3448 facit
1323 3389 1379 3448 aut

200 3513 271 3557 cum
293 3491 515 3575 compluribus.
551 3491 694 3574 Apparet
709 3493 845 3576 primum
862 3498 893 3558 et
909 3493 1042 3557 alterum
1058 3511 1158 3576 genus
1173 3490 1253 3555 nihil
1269 3490 1377 3555 valere

200 3598 243 3663 ad
265 3598 352 3662 illam
381 3597 598 3679 quaestionem
627 3597 822 3681 solvendam,
853 3599 1036 3681 quibuscum
1066 3597 1265 3681 potissimum
1295 3595 1380 3680 codi-

199 3705 286 3769 cibus
315 3704 514 3768 Terentianis
542 3705 767 3788 grammaticus
802 3705 990 3772 consentiat.
1042 3704 1106 3770 Sed
1141 3703 1240 3768 nihilo
1274 3703 1379 3768 minus

202 3810 299 3876 etiam
327 3809 407 3874 haec
434 3829 553 3893 genera
580 3811 736 3894 tractabo,
772 3817 808 3877 ut
835 3811 1086 3877 testimoniorum
1122 3830 1246 3875 summa
1263 3810 1379 3876 oculis

200 3915 395 4002 subjiciatur.

310 4095 328 4162 ¹)
363 4094 594 4164 Umptenbaohius
621 4101 649 4151 et
675 4096 772 4164 reliqui
800 4097 918 4151 editores
945 4097 986 4152 usi
1017 4101 1081 4150 sunt
1111 4095 1276 4152 editionibus
1306 4096 1379 4150 illius

199 4186 369 4255 grammatici
388 4202 405 4239 a
423 4185 495 4239 Maio
514 4202 538 4239 a.
559 4186 636 4254 1815,
658 4187 727 4240 1823
746 4190 774 4240 et
791 4202 808 4240 a
826 4186 1013 4241 Lindemanno
1034 4203 1058 4240 a.
1079 4186 1148 4240 1830
1167 4183 1256 4240 factis.

309 4289 328 4354 ⁹)
364 4290 510 4359 Umplenb.
528 4290 612 4360 praef.
632 4307 659 4360 p.
680 4294 703 4346 1.
723 4306 762 4330 ·-
787 4293 849 4347 Duo
877 4308 978 4361 genera
996 4293 1222 4347 Terentianorum
1249 4290 1378 4346 librorum

84 4397 87 4404 ·
134 4351 138 4360 ¹
201 4395 259 4435 esse
277 4381 373 4434 statuit
385 4378 537 4449 Umpfenb.,
558 4380 695 4448 antiquius
714 4381 827 4435 alterum
842 4382 936 4436 codice
949 4380 1081 4436 Bembino
1100 4378 1131 4447 [s.
1145 4377 1252 4446 lV.sV.]
1271 4395 1379 4449 reprae-

200 4472 344 4536 sentatum,
364 4469 479 4524 alterum
498 4485 532 4554 ex
549 4470 707 4524 recensione
727 4469 852 4538 Galliopii
871 4470 992 4524 ductum.
