3228 5030
649 405 872 472 ..49-

279 587 344 653 Sed
366 586 504 652 maxime
521 603 579 650 nos
594 583 736 667 offendit,
760 583 846 667 quod
861 584 1210 650 Heautontimorumeni
1225 585 1350 669 prologi

171 715 225 760 vv.
242 693 376 759 48-90
391 713 455 759 non
471 691 599 758 mutatis
614 691 719 756 verbis
733 691 768 756 in
782 697 923 757 nostrum
938 692 1104 776 prologum
1122 689 1186 779 [vv.
1203 689 1349 780 41-43]

171 800 353 884 transcripti
376 807 464 866 sont:

280 907 337 991 „Si
359 927 532 990 numquam
556 925 654 972 avara
675 904 813 988 pretium
836 905 932 970 statui
955 904 1016 970 arti
1039 925 1129 971 meae

279 1014 321 1077 lit
342 1033 448 1079 meum
471 1032 540 1079 esse
563 1018 728 1095 quaestum
752 1011 784 1076 in
809 1011 949 1077 animum
972 1012 1084 1077 induxi
1106 1032 1221 1096 meum,

281 1120 384 1198 Quam
406 1120 545 1185 maxime
568 1119 687 1185 servire
710 1119 825 1184 vostris
848 1118 1054 1184 oommodis.“

278 1245 346 1309 Viri
370 1244 487 1324 dooti1)
517 1244 666 1310 nimirum
688 1243 793 1309 adhuo
815 1243 873 1308 hos
895 1262 1005 1309 versus
1029 1244 1128 1309 altero
1150 1245 1220 1309 looo
1244 1263 1349 1310 errore

170 1352 371 1418 librariorum
394 1351 427 1416 in
451 1356 571 1417 textum
594 1351 757 1435 irrepsisse
779 1352 934 1434 putabant
956 1349 1092 1433 ideoque
1115 1351 1148 1415 in
1164 1351 1349 1417 Heautonti-

171 1459 347 1525 morumeni
376 1458 508 1542 prologo
537 1457 743 1540 induxerunt,
779 1457 865 1540 quod
892 1457 937 1522 ibi
966 1457 1066 1522 oodex
1095 1457 1267 1522 Bembinus
1295 1478 1347 1522 vv.

172 1567 215 1632 48
246 1571 277 1631 61
305 1567 348 1630 49
377 1585 441 1630 non
469 1564 605 1630 exhibet.
630 1601 674 1610 -
697 1563 762 1629 Sed
789 1563 927 1647 primum
956 1563 989 1628 in
1017 1565 1186 1629 Heautont.
1217 1564 1349 1648 prologo

171 1692 281 1738 versus
300 1673 344 1738 50
368 1669 497 1758 [„quam
521 1672 660 1736 maxime
683 1671 801 1736 servire
824 1670 938 1735 vostris
962 1669 1167 1756 oommodis“]
1192 1677 1256 1735 tam
1281 1677 1349 1736 arte

173 1779 319 1844 oohaeret
342 1798 413 1844 oum
436 1798 529 1844 versu
544 1778 588 1842 48
613 1778 719 1860 6149,
743 1784 778 1842 111
800 1797 912 1860 parurn
936 1777 1099 1860 probabile
1121 1777 1163 1842 sit
1184 1779 1348 1844 librarium

172 1886 290 1951 oodiois
312 1885 458 1950 Bembini
493 1884 526 1950 in
561 1883 733 1967 archetypo
762 1883 851 1948 illum
874 1903 999 1948 versum
1026 1884 1071 1948 50
1093 1885 1194 1948 solum
1217 1885 1348 1968 legisse3

172 1993 229 2058 sed
251 1992 357 2076 potius
381 2011 485 2056 errore
508 1990 658 2073 deeeptus
680 2009 807 2055 versum
830 1989 873 2053 48
897 1990 1005 2073 6149,
1036 1990 1091 2072 qui
1119 1990 1153 2054 in
1176 1991 1348 2076 archetypo

171 2099 318 2165 Bembini
358 2099 523 2180 extabant,
565 2096 708 2162 omisisse
741 2091 881 2180 videtur,
928 2096 1014 2179 quod
1053 2096 1180 2179 quidem
1221 2098 1349 2181 saepius

37 2275 53 2302 Ο
172 2207 291 2271 laetum
320 2223 389 2270 esse
417 2208 551 2288 apparet
579 2223 620 2269 ex
649 2202 803 2286 exemplis
832 2203 872 2267 ab
901 2203 1072 2287 Umpfenb.
1102 2204 1202 2287 praef.
1232 2224 1264 2289 p.
1288 2205 1346 2268 IX.

171 2311 393 2396 oompositis.²)

277 2435 403 2503 Deinde
425 2440 554 2520 propter
575 2453 693 2500 nexum
715 2433 941 2499 sententiarum
963 2435 1051 2499 nulla
1075 2440 1123 2499 est
1151 2454 1256 2518 oausa,
1293 2457 1348 2501 our

171 2545 271 2610 altero
298 2545 368 2608 looo
397 2542 455 2608 hos
482 2548 547 2607 tres
575 2560 685 2607 versus
719 2559 953 2623 removeamus,
992 2547 1125 2623 utroque
1160 2543 1243 2606 enim
1278 2543 1348 2608 looo

171 2650 325 2735 optimum
347 2650 501 2734 praebent
523 2668 659 2714 sensum.
705 2647 855 2712 Ambivio
879 2653 994 2730 autem,
1030 2668 1101 2713 oum
1124 2649 1158 2712 in
1187 2649 1250 2714 illis
1280 2650 1348 2714 eius

170 2756 351 2823 innocentia
378 2755 473 2820 valde
502 2754 684 2820 oollaudata
711 2759 808 2836 esset,
845 2753 984 2818 maxime
1012 2752 1118 2819 idonei
1147 2755 1346 2839 videbantur,

171 2863 226 2946 qui
248 2863 283 2928 in
305 2882 423 2928 novum
445 2861 612 2945 prologum
635 2861 857 2945 reoiperentur.

277 2988 351 3054 Jam
373 2985 540 3052 videamus
562 3005 636 3050 num
660 2985 801 3067 quidex
825 2985 902 3069 ipsis
925 2985 1018 3049 rebus
1046 2984 1080 3048 in
1108 2987 1241 3069 prologo
1269 2993 1347 3051 trae

170 3093 246 3158 tatis
276 3093 317 3158 ad
348 3099 487 3158 nostram
524 3092 711 3157 sententiam
748 3090 994 3156 confirmandam
1031 3092 1096 3175 peti
1134 3093 1242 3176 possit.
1300 3094 1348 3158 Ao

169 3200 307 3284 primum
330 3199 459 3282 quidem
481 3198 576 3264 valde
605 3197 724 3280 dubito,
754 3218 829 3262 num
852 3198 1028 3281 Terentius,
1059 3204 1093 3263 ut
1115 3198 1256 3264 Ambivii
1285 3199 1347 3264 vir-

170 3311 252 3372 tutes
274 3305 422 3371 laudibus
445 3305 580 3386 efferret,
611 3324 754 3386 eaquae
777 3303 818 3368 de
841 3303 970 3368 Caeoilii
993 3304 1111 3368 fabulis
1134 3306 1174 3370 ab
1198 3305 1347 3371 Ambivio

171 3413 249 3478 aotis
272 3413 390 3496 soripta
412 3417 484 3477 sunt
507 3432 537 3476 v.
563 3413 582 3475 6
606 3430 686 3494 sqq,
717 3411 750 3475 in
777 3411 944 3494 prologum
972 3411 1135 3494 receperit.
1181 3411 1264 3475 Nam
1288 3412 1347 3476 etsi

170 3519 326 3584 anoilius
352 3523 427 3583 tuno
455 3515 525 3601 jam
559 3524 701 3583 mortuus
735 3523 817 3600 erat,
853 3523 960 3582 tamen
993 3517 1158 3602 probabile
1191 3538 1255 3582 non
1289 3524 1346 3601 est,

170 3625 353 3690 Terentium
375 3625 433 3707 illi,
464 3625 518 3706 qui
541 3643 665 3708 semper
687 3631 794 3689 nostro
816 3630 930 3708 poetae
953 3623 1117 3707 favebat³)
1141 3624 1263 3688 eteius
1286 3625 1348 3690 lor·

170 3737 280 3796 tunam
309 3731 465 3797 soenioam
496 3731 586 3813 quasi
615 3731 827 3813 stabiliverat,
864 3731 920 3795 tali
948 3729 1042 3795 modo
1072 3732 1277 3814 obtreotasse,
1312 3738 1348 3796 ut

170 3846 270 3903 semet
285 3839 390 3923 ipsum
406 3844 579 3920 excusaret,
603 3837 689 3920 quod
703 3838 844 3902 fabulam
861 3835 931 3921 jam
947 3838 995 3902 bis
1011 3843 1156 3902 exaotam
1172 3838 1204 3902 in
1220 3858 1347 3904 soenam

169 3943 318 4012 dedisset.
335 3981 379 3991 -
394 3945 439 4009 At
452 3944 602 4010 Ambivio
618 3944 781 4028 Turpioni,
806 3944 934 4010 domino
949 3944 1057 4028 gregis
1081 3950 1112 4009 et
1127 3945 1195 4010 seni
1210 3945 1346 4028 loquaci,

172 4124 191 4189 ¹)
227 4124 393 4179 Amdohrius
411 4123 430 4179 l.
448 4140 470 4179 s.
489 4141 511 4180 s.
529 4140 556 4192 p.
577 4125 620 4178 19.

226 4214 361 4282 Hoaltzor,
380 4213 445 4268 diss.
464 4213 574 4267 Halens.
598 4213 651 4281 „de
674 4213 926 4282 interpolationibus
944 4208 1141 4268 Terentianis“.
1180 4214 1250 4266 1878
1274 4229 1300 4281 p.
1319 4213 1345 4266 4.

227 4301 420 4370 Wagnorus:
439 4297 644 4370 „Jahrouoher“
656 4302 711 4357 vol.
725 4303 758 4356 91
771 4318 798 4370 p.
812 4304 872 4356 281.
889 4329 920 4337 -
935 4302 998 4356 edit.
1012 4304 1157 4357 Heautont.
1171 4318 1198 4370 p.
1209 4303 1253 4356 32.
1268 4303 1345 4355 1879.

278 4406 297 4470 ’l
332 4407 419 4463 Andr.
438 4409 496 4476 ΙΙΙ,
515 4408 540 4477 5,
560 4408 604 4464 54.
640 4408 747 4464 Phorm.
766 4409 811 4476 ΙΙ,
831 4409 855 4474 1,
876 4410 944 4464 10-
966 4411 1007 4463 12.
1027 4409 1089 4463 alia.

277 4512 296 4580 ³)
333 4513 472 4571 advitam
491 4513 683 4571 Suetonianam
702 4531 729 4583 p.
749 4516 831 4579 28199
850 4515 892 4570 od.
912 4514 1103 4570 Reifersoheid.

1129 4623 1147 4676 4
