3228 5030
657 396 878 460 ..47-

287 575 426 643 Primum
450 575 534 640 enim
548 575 693 659 Hecyrae
716 574 864 657 prologus
886 575 983 641 etiam
1005 584 1189 660 argumento
1211 577 1355 644 diversus

181 689 228 748 est
250 703 271 746 a
293 682 423 765 reliquis
446 682 595 766 prologis.
642 681 724 747 Nam
753 681 785 744 in
815 681 864 745 his
892 688 988 764 poeta
1016 703 1140 768 semper
1168 684 1235 750 sere
1258 686 1356 750 verba

180 789 258 854 facit
280 788 321 854 de
344 795 443 854 semet
466 789 535 872 ipso
566 788 669 870 deque
691 807 795 852 rerum
824 807 950 852 suarum
981 797 1064 856 statu
1093 812 1132 856 ac
1160 791 1353 874 condicione,

179 896 339 961 rarissime
360 901 464 959 autem
488 894 529 960 de
552 901 656 960 actore
679 895 731 958 vel
754 893 793 959 de
816 915 923 977 grege.
968 897 1003 960 ln
1026 904 1132 962 nostro
1156 904 1261 963 autem
1284 918 1356 981 pro-

180 1003 253 1085 logo
269 1002 376 1066 omnia
391 1002 437 1066 sic
451 1002 594 1067 instituta
609 1009 690 1083 sunt,
707 1007 743 1065 ut
756 1001 851 1083 idem,
870 1002 923 1084 qui
941 1003 1107 1087 prologum
1125 1005 1159 1069 in
1175 1025 1269 1070 scena
1286 1024 1356 1088 prc-

181 1108 355 1194 nuntiabat,
369 1129 441 1173 eum
453 1110 548 1173 etiam
561 1108 723 1190 scripsisse
735 1108 891 1192 videatur,
907 1129 981 1173 uam
993 1129 1063 1174 cum
1076 1117 1170 1194 poeta
1181 1111 1214 1175 in
1226 1111 1355 1193 reliquis

181 1215 320 1298 prologis
337 1235 461 1298 semper
477 1216 544 1280 fere
560 1214 600 1279 de
611 1233 646 1279 se
661 1215 816 1296 loquatur,
833 1215 866 1278 in
882 1222 988 1280 nostro
1004 1217 1122 1281 semel
1136 1217 1231 1282 modo
1246 1237 1298 1282 vv.
1311 1216 1355 1279 44
1417 1277 1419 1281 Α

180 1327 212 1385 et
234 1322 278 1385 45
307 1327 576 1403 commemoratur,
601 1340 794 1403 quamquam
821 1320 872 1385 bic
900 1323 1050 1406 prologus
1079 1322 1229 1407 majorem
1260 1343 1354 1406 quam

181 1428 275 1492 ceteri
302 1433 428 1511 praeter
453 1427 798 1492 Heautontimorumeni
821 1428 987 1511 prologum
1015 1449 1179 1494 numerum
1208 1448 1356 1495 versuum

181 1534 327 1598 continet.
367 1535 449 1598 Tum
470 1539 565 1617 poeta
586 1539 723 1598 actorem
744 1534 783 1598 de
805 1540 910 1598 actore
927 1534 979 1600 vel
1000 1535 1040 1599 de
1057 1555 1155 1619 grege
1175 1537 1355 1619 loquentem

180 1639 257 1704 facit
273 1640 361 1704 verbi
383 1640 487 1722 prima
502 1659 638 1722 persona
654 1639 824 1722 singularis
842 1641 963 1704 numeri
980 1648 1035 1706 aut
1051 1643 1182 1726 pluralis
1200 1643 1355 1708 adhibita:

284 1747 320 1810 ln
345 1745 516 1810 Andriae
538 1745 671 1829 prologo
703 1794 1046 1814 .......
1081 1750 1215 1833 semel,

287 1852 320 1915 in
344 1851 551 1936 Adelphon
574 1852 706 1935 prologo
762 1902 1047 1919 ......
1082 1858 1216 1937 semel,

286 1959 320 2023 in
342 1959 591 2026 Phormionis
615 1958 747 2042 prologo
761 2007 1047 2026 ......
1083 1962 1143 2026 bis

288 2065 321 2129 in
344 2064 523 2130 Eunuchi
546 2065 679 2148 prologo
704 2114 1045 2131 .......
1082 2069 1235 2151 terties,

228 2215 230 2218 -
287 2172 320 2235 in
342 2171 781 2236 Heautontimorumeni
798 2172 938 2255 prolege,
955 2192 1048 2255 quem

339 2278 507 2343 Ambivius
542 2277 669 2359 quidem
703 2278 863 2362 recitavit,
899 2279 956 2344 sed
986 2300 1049 2344 non

340 2384 532 2467 conscripsit,
556 2382 651 2448 modo
704 2432 1045 2450 .......
1082 2386 1308 2472 duodecies,

287 2489 319 2554 in
342 2491 522 2574 Hecyrae
550 2495 655 2554 autem
678 2490 820 2573 prolege,
845 2511 939 2572 quem
963 2491 1047 2556 idem

339 2597 505 2662 Ambivius
528 2596 673 2661 recitavit
705 2645 1048 2663 .......
1085 2597 1354 2668 duodetricies

286 2719 378 2797 Quod
401 2720 620 2804 gravissimum
645 2719 797 2784 indicium
820 2719 897 2784 mihi
920 2719 1044 2786 videtur
1068 2741 1146 2805 csse,
1171 2724 1355 2791 Ambivium

179 2833 318 2891 nostrum
334 2828 500 2910 prologum
515 2846 578 2890 non
590 2826 683 2890 modo
699 2827 929 2910 pronuntiasse,
947 2828 1109 2893 sedetiam
1123 2831 1354 2915 conscripsisse.

285 2954 454 3017 Praeterea
481 2949 560 3015 illud
589 2943 684 3014 etiam
714 2949 830 3015 haere
859 2950 1070 3035 confirmatur,
1101 2954 1186 3035 quod
1213 2947 1355 3021 nonnulli

178 3076 289 3122 versus
312 3077 352 3122 ex
376 3057 447 3121 aliis
469 3056 619 3140 prologis,
643 3055 788 3140 inprimis
812 3076 852 3121 ex
875 3058 989 3122 Heaut.
1013 3060 1154 3143 prologo,
1185 3063 1301 3146 sumpti
1325 3070 1356 3128 et

178 3163 212 3227 in
234 3162 318 3227 hunc
341 3163 494 3244 translati,
528 3163 627 3244 quid?
666 3183 706 3228 ex
734 3169 824 3246 parte
849 3163 1043 3230 adverbum
1066 3167 1245 3251 transcripti
1268 3169 1356 3234 inve-

179 3269 316 3334 niuntur.
342 3309 379 3316 -
403 3269 486 3333 Nam
511 3269 773 3334 verisimillimum
798 3275 853 3351 est,
878 3271 1070 3355 Ambivium,
1096 3292 1166 3337 cum
1190 3275 1355 3358 prologum

178 3374 307 3441 fabulae
337 3373 500 3459 cujusdam
528 3375 738 3440 Terentianae
767 3377 991 3459 conscriberet,
1027 3378 1116 3444 cuius
1150 3386 1256 3463 partes
1287 3381 1356 3464 ipse

179 3488 379 3565 suscepturus
403 3488 479 3565 erat,
503 3503 574 3546 cum
598 3502 638 3548 ex
661 3482 732 3546 aliis
755 3482 895 3565 prologis
924 3489 989 3547 tum
1018 3504 1058 3548 ex
1080 3486 1356 3554 Heautontimoru-

179 3587 263 3652 meni
286 3588 428 3671 prologo,
453 3589 571 3671 quippe
587 3608 679 3670 quem
696 3589 764 3671 ipse
783 3587 852 3672 jam
868 3596 962 3655 antea
977 3591 1148 3675 recitasset,
1173 3594 1353 3678 sumpsisse,

181 3713 398 3776 quaecumque
421 3693 467 3757 illi
490 3694 668 3776 placebant.
686 3731 723 3742 -
740 3695 803 3759 Vix
827 3696 910 3761 enim
929 3695 997 3780 jam
1021 3697 1187 3780 quisquam
1212 3701 1355 3765 Bentleio

179 3801 375 3883 assentietur,
412 3799 465 3881 qui
495 3800 678 3865 Terentium
713 3807 811 3868 semet
844 3802 948 3885 ipsum
976 3804 1153 3887 suppilasse
1181 3805 1354 3895 putabat.¹)

179 3905 244 3970 Sed
267 3905 336 3990 jam
358 3906 453 3971 liceat
474 3906 560 3971 locos
589 3927 629 3971 ex
657 3906 728 3973 aliis
756 3907 896 3991 prologis
924 3916 1066 3991 sumptos
1094 3917 1127 3975 et
1153 3911 1187 3976 in
1214 3919 1355 3980 nostrum

180 4012 347 4078 translatos
370 4033 561 4097 proponere:

180 4118 268 4183 Hec.
290 4120 370 4202 prol.
394 4140 425 4184 v.
453 4121 487 4183 1:
511 4125 639 4201 „orator
662 4118 704 4184 ad
727 4139 784 4184 vos
806 4120 900 4185 venio
923 4126 1035 4187 ornatu
1058 4124 1215 4207 prologi.“

179 4225 313 4289 Heaut.
338 4226 417 4309 prol.
446 4227 501 4289 11:
541 4231 718 4307 „oratorem
748 4245 816 4290 esse
845 4227 945 4291 voluit
974 4248 1034 4312 me,
1064 4249 1127 4294 non
1155 4233 1355 4315 prologum.“

289 4403 306 4466 ¹)
342 4403 512 4472 Quamquam
537 4405 564 4458 in
587 4406 709 4474 prologis
731 4405 901 4460 Terentianis
928 4410 1038 4477 caepim
1065 4410 1177 4465 eaedem
1204 4414 1355 4469 sententiae

179 4492 301 4559 prolatae
324 4497 400 4557 sunt,
429 4496 522 4547 tamen
547 4493 642 4548 elidem
666 4493 750 4548 verbu
776 4493 833 4549 fero
860 4512 1007 4565 numquam
1035 4503 1166 4567 usurpata
1193 4500 1353 4558 invenimus.
