3228 5030
660 401 881 465 ...43-

292 580 438 662 „Novam
462 598 531 644 esse
553 578 675 644 ostendi
698 584 730 643 et
753 599 835 661 quae
862 585 960 661 esset:
995 599 1078 644 nunc
1106 579 1160 661 qui
1189 580 1358 664 scripserit,

291 686 333 749 Et
355 685 452 766 quoia
475 685 598 750 Graeca
620 685 670 768 sit,
694 685 727 748 ni
750 692 874 769 partem
896 685 1068 750 maximam

292 791 525 856 Existumarem
549 792 628 857 scire
651 798 801 875 vostrum,
828 792 862 857 id
885 792 1057 858 dicerem.“

292 1165 357 1231 Sed
380 1164 429 1229 his
452 1183 509 1229 sex
530 1163 673 1229 versibus
702 1161 802 1230 totum
830 1165 997 1249 prologum
1019 1164 1159 1230 nondum
1181 1165 1360 1231 restitutum

185 1292 254 1338 esse
275 1292 369 1338 nemo
392 1291 455 1336 non
477 1269 581 1353 videt,
612 1290 687 1334 nam
709 1271 833 1354 prologi
854 1291 963 1336 versus
985 1272 1114 1336 ultimus
1137 1292 1209 1336 cnm
1230 1271 1281 1355 iis,
1306 1273 1360 1355 qui

185 1379 384 1461 antecedunt,
407 1398 471 1442 non
494 1376 651 1442 cohaeret.
698 1376 897 1459 Quamquam
914 1383 1020 1442 autem
1034 1377 1149 1442 lacuna
1163 1378 1219 1442 vix
1233 1397 1360 1462 prorsus

186 1486 306 1569 expleri
336 1490 449 1569 potest,
480 1491 587 1548 tamen
616 1483 755 1565 quinque
778 1503 887 1549 versus
916 1485 1034 1567 inveni,
1064 1503 1143 1567 quos
1170 1484 1233 1549 huc
1261 1492 1361 1550 trans-

184 1591 348 1676 ponendos
371 1609 440 1656 esse
468 1609 653 1674 persuasum
675 1589 754 1654 mihi
783 1596 840 1673 est,
870 1610 984 1674 nempe
1012 1590 1139 1655 ultimos
1161 1590 1361 1656 Phormionis

184 1698 309 1782 prologi
332 1717 455 1764 versus:

293 1821 397 1905 „Date
420 1841 559 1905 operam,
584 1819 693 1885 adeste
716 1839 818 1902 aequo
842 1820 946 1884 animo
969 1839 1027 1903 per
1049 1820 1218 1903 silentium,

292 1929 341 1994 Ne
364 1927 459 1993 simili
483 1934 610 1992 utamur
632 1926 759 1991 fortuna
781 1932 877 2008 atque
899 1926 948 1992 usi
971 1946 1088 2009 sumus,

292 2033 371 2100 Cum
394 2054 451 2118 per
472 2034 640 2098 tumultum
663 2039 769 2098 noster
790 2052 869 2115 grex
892 2038 995 2097 motus
1017 2033 1131 2098 locost:

294 2141 396 2218 Quem
419 2141 533 2205 actoris
555 2140 656 2204 virtus
678 2139 769 2204 nobis
791 2138 927 2205 restituit
950 2138 1053 2204 locum

292 2247 487 2328 Bonitasque
509 2251 616 2311 vostra
639 2244 785 2330 adjutans
808 2251 904 2327 atque
926 2244 1190 2326 aequanimitas.“

292 2389 340 2454 Ac
362 2388 498 2473 primum
521 2387 650 2470 quidem
673 2386 811 2452 dilucide
839 2393 972 2470 apparet
1001 2386 1057 2454 hos
1080 2406 1189 2453 versus
1218 2393 1362 2471 spectare

187 2496 230 2561 ad
257 2495 394 2579 primam
421 2494 568 2578 Hecyrae
596 2495 768 2577 actionem,
805 2513 901 2576 quam
929 2513 1032 2575 neque
1060 2495 1226 2577 probatam
1259 2513 1362 2577 neque

186 2601 308 2667 finitam
331 2620 400 2667 esse
423 2601 501 2666 satis
523 2600 717 2684 intellegitur
739 2621 779 2666 ex
801 2599 916 2665 nostris
938 2601 1088 2684 prologis.

176 2789 178 2794 .
293 2725 418 2791 Deinde
435 2726 541 2790 nescio
560 2746 601 2789 an
618 2725 832 2806 Terentiano)
856 2743 919 2789 non
936 2723 1000 2788 sint
1016 2724 1063 2788 illi
1079 2723 1276 2792 Phormionis
1291 2745 1362 2810 pro-

187 2833 253 2916 logi
276 2851 401 2915 versus,
424 2838 520 2916 polita
543 2831 627 2896 enim
650 2851 805 2913 nusquam
828 2837 893 2893 tam
915 2831 1057 2913 verbose,
1082 2851 1177 2913 quam
1194 2831 1245 2897 hic
1260 2831 1304 2915 fit,
1322 2831 1363 2896 de

189 2939 334 3022 Hecyrae
350 2937 531 3003 calamitate
546 2936 693 3019 loquitur,
711 2957 806 3019 quam
823 2936 856 3000 in
870 2937 1011 3020 prologis
1023 2944 1078 3001 aut
1089 2938 1212 3004 silentio
1225 2945 1363 3023 praeter·

188 3045 235 3110 ire
257 3051 312 3109 aut
327 3044 459 3109 strictim
476 3044 632 3126 attingere
648 3044 736 3126 solet,
758 3043 803 3107 ita
820 3049 854 3107 ut
870 3049 998 3127 propter
1013 3064 1125 3109 causas
1140 3045 1279 3110 maxime
1294 3065 1363 3129 per·

189 3151 315 3234 spicuas
338 3151 432 3217 huius
453 3150 499 3214 rei
523 3150 853 3214 commemorationem
868 3150 1009 3214 consulto
1025 3151 1161 3217 evitasse
1176 3152 1362 3236 videatur.²)

188 3258 271 3322 'lum
309 3263 415 3322 autem
452 3256 499 3321 illi
536 3276 646 3321 versus
684 3256 716 3320 in
754 3255 817 3320 fine
853 3255 1051 3323 Phormionis
1087 3259 1211 3341 prologi
1248 3259 1363 3324 multas

189 3370 318 3448 propter
353 3354 475 3429 causas
499 3362 627 3427 tolerari
661 3368 836 3445 nequeunt,
881 3361 966 3444 quod
1000 3364 1097 3428 etiam
1127 3364 1363 3430 Willmannsius

191 3468 233 3557 [p.
251 3471 293 3534 ‘22
316 3468 375 3557 sq.]
400 3469 534 3536 sensisse
557 3469 692 3552 videtur,
717 3469 864 3551 quicum
888 3476 1013 3552 putaret
1034 3471 1215 3536 Terentium
1238 3471 1271 3535 in
1293 3491 1364 3555 pro·

189 3578 263 3660 logo
286 3576 485 3644 Phormionis
507 3577 563 3642 vix
586 3576 777 3641 mentionem
800 3574 913 3640 fecisse
934 3576 1079 3660 Hecyrae
1102 3582 1249 3658 quattuor
1272 3578 1363 3642 annis

189 3690 263 3749 ante
292 3689 433 3766 exactae,
463 3682 598 3767 conjecit
624 3683 784 3765 Hecyram
812 3688 885 3765 post
913 3682 1098 3747 Eunuchum
1127 3682 1230 3747 denuo
1259 3689 1362 3747 actam

190 3808 267 3854 esse.
316 3789 419 3867 Quam
442 3789 653 3874 conjecturam
682 3809 745 3853 non
773 3788 970 3872 probandam
998 3808 1066 3853 esse
1090 3787 1159 3872 jam
1188 3790 1363 3873 complures

187 3895 248 3960 viri
272 3895 357 3961 docti
365 3897 391 3978 ³)
414 3895 718 3962 demonstraverunt.
758 3896 928 3960 Praeterea
942 3895 1083 3978 intellegi
1100 3895 1227 3961 omnino
1243 3896 1362 3980 nequit,

299 4093 317 4157 ¹)
353 4093 417 4148 Jam
440 4093 564 4163 Guyetus
588 4093 708 4161 dubitat,
736 4109 801 4146 num
824 4092 851 4146 hi
874 4107 969 4147 versus
994 4109 1011 4147 a
1033 4093 1160 4148 Terentio
1184 4093 1278 4162 scripti
1300 4094 1363 4149 sint.

298 4199 317 4264 ²)
355 4201 504 4255 Praeterea
522 4199 791 4254 animadvertendum
810 4204 859 4264 est,
882 4213 979 4253 vocem
998 4193 1142 4267 „bonitas“
1160 4213 1293 4266 nusquam
1311 4201 1363 4254 nisi

189 4287 240 4342 hoo
264 4288 324 4344 loco
348 4289 422 4358 apud
439 4289 602 4344 'Terentium
626 4289 754 4356 inveniri,
785 4303 820 4342 no
848 4288 895 4344 illa
922 4288 1031 4362 quidem
1060 4288 1224 4349 constructio
1252 4288 1364 4362 ,similis

189 4371 289 4448 utqua“
309 4377 383 4446 apud
400 4382 520 4432 nostrum
538 4381 648 4446 poetam
667 4381 751 4434 extat.
784 4399 786 4403 ’

297 4481 317 4550 ³)
353 4483 404 4542 leh.
423 4485 492 4540 Mus.
510 4483 586 4538 XXI.
605 4499 631 4555 p.
653 4485 695 4540 74.
