3228 5030
652 401 872 464 ..21-

282 583 450 645 Praeterea
473 584 571 643 totam
594 576 677 642 hanc
700 579 1015 662 argumentationem,
1040 598 1109 642 cum
1126 579 1244 643 Donati
1267 598 1351 642 conr-

175 684 348 749 mentarius
372 690 437 748 tam
461 684 652 767 depravatus
675 704 778 766 neque
801 685 905 750 adhuc
926 690 1082 767 apparatu
1098 684 1205 749 critico
1221 684 1351 748 instruc

175 796 227 854 tus
249 789 299 874 sit,
323 789 568 856 audacissimam
583 810 651 856 esse
666 790 835 873 Umpfenb.
852 790 921 873 ipse
936 790 1062 870 fatetur,
1078 789 1193 855 Philol.
1209 790 1349 854 XXXII.

176 916 207 980 p.
233 897 298 960 443
321 897 401 961 haec
423 897 543 962 dicens:

283 1039 366 1121 „Dic
394 1039 428 1103 in
456 1038 513 1103 der
534 1038 675 1104 Vorrede
702 1058 740 1103 zu
768 1037 889 1102 meiner
916 1039 1066 1121 Ausgabc
1100 1037 1263 1122 gegebene
1291 1038 1351 1102 Bc-

176 1144 356 1228 stimmung,
380 1144 454 1209 dass
477 1144 530 1210 die
546 1144 790 1210 Urhandschriit
809 1165 872 1210 von
888 1145 969 1212 Dc.
987 1144 1165 1229 gleichfalls
1188 1144 1245 1209 der
1260 1145 1297 1209 R.
1315 1143 1349 1208 Ο.

176 1249 359 1334 angehdrte,
384 1251 461 1315 aber
483 1270 540 1314 aus
563 1251 651 1315 einer
674 1250 746 1315 dem
763 1251 935 1316 Bembinus
957 1249 1040 1316 nahe
1060 1251 1266 1316 verwandten
1286 1250 1351 1315 und

176 1355 236 1420 mii
263 1355 510 1421 Donatscholien
537 1355 824 1422 durchschosscnen
853 1356 1060 1422 Handschrift
1090 1357 1352 1441 durchgebessert

176 1481 254 1545 war,
284 1460 398 1526 beruht
425 1460 583 1527 nattirlich
611 1462 671 1526 auf
695 1463 782 1527 einer
805 1483 868 1528 von
896 1463 957 1527 mir
983 1482 1269 1547 vorgcnommenen
1292 1465 1352 1528 Zu-

177 1567 486 1651 sammenstellung1)
511 1567 589 1632 aller
611 1568 739 1651 Stellam,
762 1589 813 1633 wo
845 1573 873 1635 1.
897 1571 978 1635 D.G.
1002 1569 1061 1633 mit
1081 1569 1253 1653 Calliopius
1276 1569 1353 1634 oder

180 1675 210 1738 2.
235 1672 294 1736 mit
314 1673 354 1738 A.
379 1673 526 1738 stimmen
553 1673 630 1739 oder
668 1675 698 1739 3.
722 1674 773 1740 ftir
800 1674 869 1740 sich
891 1676 1111 1759 alleinstehem
1151 1675 1210 1740 auf
1233 1675 1353 1741 welche

177 1778 281 1844 dieser
304 1779 325 1842 3
348 1779 457 1844 Seiten
475 1778 632 1863 jedesmal
655 1779 713 1845 das
736 1781 890 1865 Zeugniss
913 1781 1065 1864 Donatus,
1093 1782 1205 1846 soweit
1226 1801 1261 1846 er
1283 1801 1353 1846 vor-

176 1884 310 1952 handen,
326 1885 377 1968 ist,
408 1886 475 1950 sich
501 1887 595 1952 stelit.
641 1887 745 1951 Aher
772 1886 938 1953 freilich
966 1907 1129 1953 unseres
1157 1890 1351 1970 Donatus,

177 1991 236 2056 als
271 1991 413 2056 descen
445 1992 584 2057 besten
617 1994 717 2058 Text
750 1993 822 2058 wir
856 1993 929 2070 den
968 1993 1036 2058 der
1075 1993 1129 2058 ed.
1166 1993 1353 2077 princeps

178 2094 270 2184 [Rom
303 2095 400 2185 1477]
437 2118 482 2162 zu
516 2097 710 2163 benutzcn
745 2119 987 2183 gezwungen
1022 2099 1126 2164 sind:
1173 2099 1224 2164 ein
1259 2101 1352 2181 Text,

176 2205 272 2269 tiber
300 2203 442 2268 descen
471 2204 606 2288 l’angst
634 2205 828 2270 erkannte
851 2204 1129 2270 Verderbthcit
1154 2225 1231 2269 nun
1254 2205 1353 2277 auch

178 2307 243 2373 die
272 2309 309 2373 in
337 2309 486 2374 meiner
508 2311 659 2393 Ausgabc
681 2311 911 2376 verwertheten
939 2311 1094 2395 pariser
1116 2312 1354 2395 Fragmenta

180 2411 222 2500 [p.
246 2412 316 2503 ΧΙ.]
341 2414 574 2480 authentisches
597 2416 748 2500 Zeugniss
771 2417 937 2501 ablegen“.

284 2556 350 2622 Sed
371 2556 546 2641 videamus,
571 2557 763 2640 quidnobis
785 2559 935 2650 Arusiani
964 2560 1110 2643 exempla
1139 2560 1181 2625 ad
1203 2560 1353 2642 Umpsen-

177 2662 282 2727 bachii
305 2663 494 2728 sententiam
517 2663 716 2729 refutandam
733 2664 916 2748 praebcant.
952 2666 1070 2730 Donati
1085 2665 1183 2749 igitur
1198 2685 1353 2730 commen·

177 2768 278 2832 tarius
301 2775 426 2834 centum
449 2776 481 2834 ct
503 2769 716 2853 quadraginta
738 2790 795 2836 sex
816 2771 894 2836 locis
915 2777 970 2836 aut
986 2772 1098 2836 eadem
1114 2771 1242 2837 exhibet
1257 2777 1353 2854 atque

177 2873 378 2939 Victorianus
402 2880 433 2940 et
455 2896 563 2942 omnes
586 2877 658 2942 libri
685 2877 892 2960 manuscripti
920 2883 976 2943 aut
1004 2883 1088 2942 certe
1117 2877 1228 2943 eadem
1258 2885 1354 2960 atque
1422 2927 1424 2932 .

179 2979 379 3045 Victorianus
402 2967 557 3047 etaltera
580 2982 723 3048 codicum
746 2983 870 3048 familia
893 2990 949 3048 aut
962 2983 1081 3048 Donati
1104 2984 1202 3049 verba
1225 2984 1353 3049 omnino

179 3106 243 3152 non
266 3093 340 3151 sunt
361 3094 496 3154 servata.
536 3089 623 3167 Quos
639 3109 747 3154 omnes
762 3090 848 3155 locos
862 3090 943 3154 nihil
957 3090 1064 3154 valere
1079 3090 1280 3174 perspicuum
1296 3096 1353 3154 est.

285 3230 417 3294 Restant
444 3230 593 3314 viginti
627 3237 777 3315 septem
813 3231 973 3314 exempla,
1010 3251 1142 3314 quorum
1172 3252 1287 3297 unum
1316 3237 1354 3296 et

177 3334 326 3419 viginti
349 3335 549 3402 Victorianus
571 3356 635 3402 non
658 3339 711 3432 sic
726 3343 761 3401 ut
783 3338 927 3403 Donatus
950 3336 1093 3420 exhibet3

177 3475 244 3542 Ad.
260 3476 313 3558 II.,
338 3476 369 3560 3,
394 3477 523 3561 93111,
548 3479 578 3561 2,
602 3479 661 3562 46;
685 3479 754 3561 111,
779 3478 810 3562 4,
838 3477 983 3562 1831V,
1008 3478 1039 3562 2,
1064 3478 1122 3562 24;
1147 3480 1211 3562 IV,
1237 3478 1267 3562 5,
1292 3480 1356 3564 323

284 3582 350 3665 1v.,
375 3584 405 3666 5,
432 3584 489 3666 11,
515 3563 564 3668 ir,
589 3585 619 3667 1,
647 3585 704 3668 11,
727 3584 777 3667 v,
803 3585 834 3667 a,
859 3585 912 3649 15.

178 3702 273 3770 nno.
303 3704 382 3789 pror.
417 3705 450 3788 1,
481 3706 518 3788 5,
552 3707 603 3771 14.
628 3745 670 3754 -
693 3707 730 3791 1.,
764 3708 887 3790 1,15,
922 3707 981 3792 u,
1014 3709 1109 3792 1,1,
1143 3708 1196 3792 11,
1228 3709 1264 3793 5,
1297 3711 1353 3794 11,

283 3811 334 3894 v,
358 3810 389 3894 5,
414 3811 444 3875 5.

178 3935 271 4000 nun.
295 3935 332 4017 1.,
358 3935 388 4018 1,
413 3935 472 4018 51,
497 3935 550 4002 51.
575 3974 617 3984 -
640 3937 710 4021 111,
735 3940 766 4020 5,
791 3937 922 4020 51,1.,
948 3937 978 4020 1,
1002 3938 1056 4004 44.

178 4039 325 4106 Phorm.
349 4041 398 4125 1.,
423 4042 454 4124 5,
479 4043 538 4125 11,
562 4043 616 4108 aa.

285 4164 357 4230 Jam
393 4163 543 4230 duobus
576 4165 669 4250 locis,
704 4166 757 4232 ubi
779 4147 978 4231 Victorianus
1006 4169 1167 4232 Donatum
1201 4168 1352 4253 sequitur,

178 4270 353 4336 Arusianus
377 4270 512 4336 eandem
534 4271 721 4357 scripturam
743 4273 875 4355 praebet
897 4277 993 4354 atque
1015 4273 1077 4337 illi:

213 4533 215 4538 .
288 4483 306 4548 ¹)
341 4483 373 4543 U.
392 4483 464 4540 hanc
480 4486 624 4542 lectionum
642 4487 813 4542 collationem
830 4502 885 4542 non
903 4487 996 4546 edidit.
