3228 5030
742 397 963 460 „44-

266 590 331 652 qua
353 571 393 636 de
416 593 511 638 causa
533 580 629 656 potita
652 580 716 638 tam
740 575 933 658 supplicibus
955 577 1060 640 verbis
1082 597 1157 642 usus
1173 577 1215 642 sit
1229 577 1261 641 in
1278 576 1439 644 Phormio-

266 677 315 742 nis
338 679 479 762 prolog0,
504 699 696 762 quamquam
720 681 899 764 Eunuchus,
929 683 1038 764 paucis
1060 683 1219 748 mensibus
1246 690 1320 748 ante
1342 683 1440 751 Phor-

265 783 404 848 mionem
428 790 508 867 acta,
533 787 650 869 populo
674 787 754 853 adeo
777 788 948 871 placuerat,
972 795 1008 853 ut
1031 788 1078 854 bis
1101 789 1134 853 in
1157 809 1282 859 scenam
1300 790 1438 855 daretur.

266 891 412 972 Denique
435 896 518 956 totus
540 891 739 958 Phormionis
761 894 910 977 prologus
940 901 1005 959 tam
1032 894 1223 961 confidenter
1246 897 1440 980 conscriptus

266 1003 322 1079 est,
352 1003 387 1061 ut
410 1017 519 1062 versus
542 997 588 1062 illi
611 1019 675 1063 non
698 1001 778 1065 bene
800 1000 874 1065 huic
901 1000 1073 1084 addantur3
1113 1002 1232 1085 optime
1261 1003 1365 1085 potius
1395 1003 1441 1067 sic

265 1103 372 1168 finitur
397 1101 439 1191 [v.
464 1105 506 1168 27
531 1101 607 1185 sq.]:
1136 1119 1140 1129 ·

372 1226 478 1310 „Quia
501 1227 620 1310 primas
643 1230 751 1313 partiS,
776 1231 830 1313 qui
854 1238 937 1314 aget,
962 1231 989 1295 is
1012 1231 1072 1295 erit
1092 1231 1241 1298 Phormio

374 1333 542 1416 Parasitus,
566 1354 623 1417 per
647 1355 741 1417 quem
764 1356 814 1401 res
837 1343 962 1419 geretur
985 1358 1142 1420 maxume,

372 1440 527 1505 Voluntas
550 1447 656 1506 vostra
679 1443 706 1507 si
730 1442 771 1507 ad
794 1449 922 1526 poetam
945 1444 1144 1509 accesserit.“

372 1563 501 1629 Athos
536 1565 675 1647 quinque
702 1586 827 1648 versuo,
864 1567 977 1649 quibus
1012 1567 1052 1632 de
1080 1568 1226 1651 Hecyrae
1260 1568 1440 1634 calamitate

266 1671 379 1753 agitur,
401 1689 556 1752 nusquam
572 1672 687 1736 rectius
701 1672 897 1755 pronuntiari
913 1674 1052 1756 potuisse
1067 1693 1163 1756 quam
1178 1674 1212 1738 in
1226 1673 1281 1738 illo
1297 1675 1438 1758 prologo,

266 1776 321 1858 qui
344 1777 478 1859 scriptus
502 1785 570 1841 erat
592 1777 635 1842 ad
658 1778 790 1842 alteram
806 1779 898 1844 huius
913 1779 1041 1845 fabulae
1057 1780 1223 1861 actionem,
1246 1786 1366 1844 certum
1382 1787 1437 1845 est.

266 1882 466 1965 Quapropter
499 1882 556 1947 hos
589 1903 699 1948 versus
733 1885 766 1948 in
806 1892 947 1950 nostrum
983 1886 1150 1969 prologum
1188 1885 1439 1951 transcribendos

266 2008 335 2054 esse
364 2008 492 2072 oense03
532 2009 725 2072 quamquam
752 1990 866 2055 lacuna
895 2011 936 2055 ne
964 1991 1009 2056 sic
1038 1990 1165 2073 quidem
1195 1992 1322 2074 expleta
1351 1991 1437 2078 est.¹)

265 2096 347 2160 Nam
371 2095 397 2160 si
420 2094 478 2160 hos
501 2115 610 2160 versus
633 2101 705 2180 post
727 2116 853 2161 versum
881 2097 984 2180 „alias
1010 2134 1050 2142 -—
1073 2097 1215 2162 noscite“
1239 2098 1437 2180 collocamus,

265 2202 372 2266 nescio
396 2223 436 2266 an
459 2202 541 2266 inter
563 2201 647 2266 hunc
669 2222 796 2267 versum
818 2210 850 2267 et
873 2222 936 2285 eos,
966 2202 1019 2285 qui
1050 2203 1248 2285 antecedunt,
1278 2222 1359 2267 unus
1388 2203 1440 2268 vel

265 2309 442 2391 complures
469 2327 579 2374 versus
613 2307 796 2373 exciderint.
839 2347 880 2355 -
921 2308 985 2374 Sed
1015 2307 1083 2393 jam
1117 2310 1298 2393 prologum,
1334 2309 1441 2391 quoad

265 2415 334 2479 fieri
358 2420 470 2496 potest,
495 2413 673 2479 restitutum
696 2414 888 2479 describam:

289 2574 319 2638 5.
374 2612 414 2620 -
435 2612 473 2619 -
499 2574 612 2655 „Nunc
635 2573 715 2638 haec
736 2574 861 2656 planest
882 2593 940 2657 pro
963 2593 1062 2638 nova:

372 2681 414 2744 ut
436 2679 464 2743 is
488 2679 542 2761 qui
566 2680 693 2763 scripsit
715 2679 797 2744 hano
820 2681 859 2746 ob
884 2701 954 2744 eam
977 2700 1044 2744 rem
1065 2681 1166 2746 noluit

372 2787 491 2851 Iterum
513 2785 641 2869 referre,
665 2793 700 2851 ut
723 2785 837 2851 iterum
859 2792 966 2870 posset
989 2785 1137 2851 vendere.

373 2892 438 2958 Sed
460 2892 540 2957 alias
563 2912 687 2976 semper
709 2892 844 2975 scripsit,
872 2891 953 2956 hanc
975 2911 1039 2957 non
1061 2892 1220 2976 vendidit;

373 3001 410 3062 ln
433 2999 601 3065 Graeciam
623 3019 707 3064 nunc
729 2999 808 3062 abiit
830 3017 982 3080 suamque
1004 2998 1145 3063 fabulam

272 3107 319 3170 10.
373 3107 500 3171 Interea
522 3105 620 3170 nostri
644 3104 763 3169 domini
787 3105 943 3169 commisit
965 3104 1037 3169 fide.
1061 3142 1105 3152 -

372 3213 497 3277 Novam
520 3230 588 3276 esse
611 3210 734 3276 ostendi
757 3217 789 3275 et
812 3230 894 3292 quae
917 3217 1014 3276 esset:
1038 3231 1121 3276 nuno
1143 3211 1198 3294 qui
1220 3211 1391 3294 scripserit,

372 3320 414 3383 ut
436 3319 533 3401 quoia
556 3319 678 3385 Graeca
701 3317 751 3399 sit,
775 3317 808 3380 ni
831 3323 953 3401 partem
975 3337 1157 3381 maxumam

372 3393 605 3489 Existumarem
629 3425 708 3489 scire
731 3429 881 3506 vostrum,
909 3423 944 3487 id
966 3422 1113 3488 dicerem.

310 3534 327 3597 p
373 3565 1214 3578 -------------

373 3637 463 3702 Alias
486 3636 645 3719 cognostis
668 3636 751 3701 eius:
776 3654 894 3718 quaeso
917 3634 1000 3700 hanc
1022 3636 1155 3718 noscite,

271 3745 320 3809 15.
373 3747 457 3810 Date
481 3762 620 3826 operam,
645 3743 754 3808 adeste
777 3761 879 3823 aequo
903 3741 1008 3806 animo
1031 3762 1088 3825 per
1108 3743 1279 3826 silentium,

373 3850 421 3916 Ne
444 3850 539 3915 simili
563 3857 688 3914 utamur
711 3849 838 3913 fortuna
860 3853 956 3930 atque
978 3848 1027 3912 usi
1050 3869 1166 3932 sumus,

373 3957 452 4022 Cum
474 3976 532 4040 per
554 3957 722 4021 tumultum
744 3961 850 4020 noster
872 3974 951 4037 grex
973 3959 1076 4020 motus
1098 3956 1211 4040 locost;

374 4064 476 4141 Quem
499 4064 614 4129 actoris
636 4064 736 4155 virtus
759 4061 849 4137 nubis
872 4061 1008 4126 restituit
1030 4061 1133 4127 locum

372 4170 568 4253 Bonitasque
590 4177 697 4237 vostra
719 4167 867 4253 adjutans
890 4174 984 4251 atque
1008 4168 1273 4251 aequanimitas.“

376 4383 394 4450 ¹)
431 4383 466 4441 of.
485 4383 630 4453 Umpfenb.
648 4383 761 4455 praefat
781 4399 807 4455 p.
827 4383 901 4439 VIII.
