3228 5030
737 399 959 464 „50-

260 580 315 663 qui
337 578 565 664 spectatoribus
587 596 638 643 res
660 596 734 642 suas
757 577 960 661 amplissimis
982 578 1087 643 verbis
1110 585 1245 662 enarrat,
1269 577 1303 642 hi
1324 596 1435 644 versus

258 693 343 752 recte
365 685 461 751 tribui
484 704 576 769 posse
598 684 754 750 videntum.

367 828 456 893 Idem
479 828 566 893 valet
588 827 627 892 de
650 847 703 892 vv.
728 825 770 890 38
794 831 826 891 et
849 827 907 890 39:

420 950 548 1035 „Nolite
570 950 673 1015 sinere
695 969 752 1032 per
774 967 832 1013 vos
855 954 954 1013 artem
977 949 1130 1016 musicam

419 1057 572 1124 Recidere
595 1055 637 1121 ad
659 1057 811 1139 paucos.“

365 1183 448 1250 Nam
477 1187 576 1246 artem
605 1179 757 1244 musicam
787 1178 829 1243 ad
856 1198 974 1262 paucos
1002 1180 1142 1246 recidere
1169 1181 1317 1247 Terentio
1347 1182 1434 1248 haud

260 1290 432 1356 admodum
455 1293 522 1352 erat
545 1285 724 1368 dolendum,
753 1284 922 1351 dummodo
946 1286 1014 1368 ipse
1042 1287 1076 1351 in
1104 1309 1233 1353 numero
1262 1309 1434 1372 paucorum

260 1404 351 1463 esset.
388 1394 535 1460 Ambivio
552 1399 656 1458 autem
672 1392 706 1457 id
721 1413 784 1457 non
800 1391 973 1476 optandum
989 1400 1065 1477 erat,
1082 1395 1168 1476 quod
1183 1401 1248 1460 tum
1265 1395 1294 1459 ei
1311 1397 1433 1461 occasio

260 1523 382 1569 novas
405 1500 530 1566 fabulas
554 1499 670 1584 agendi
692 1518 764 1563 raro
788 1498 932 1564 dabatur.
1017 1497 1018 1500 ’

365 1631 561 1694 Postremum
583 1644 636 1689 vv.
661 1623 794 1688 47-49
817 1623 1036 1706 inspiciamus:

419 1733 513 1816 „Mea
536 1750 632 1795 causa
654 1748 782 1794 causam
805 1729 938 1813 accipite
961 1736 994 1794 et
1015 1728 1089 1794 dote
1113 1730 1281 1814 silentium,

419 1839 463 1904 Ut
485 1839 621 1902 lubeat
643 1836 819 1901 scrihere
842 1835 937 1900 aliis
960 1835 1101 1918 mihique
1123 1843 1158 1901 ut
1181 1837 1301 1903 discere

419 1946 527 2010 Novas
551 1942 702 2026 expediat
722 1941 855 2026 posthac
876 1942 979 2026 pretio
1003 1950 1125 2027 emptas
1147 1946 1252 2009 meo.“

366 2069 514 2135 Terentio
538 2069 687 2133 nimirum
710 2066 878 2131 dicendum
901 2073 969 2132 erat
991 2088 1055 2132 non
1083 2074 1140 2152 „ut
1161 2068 1269 2134 lubeat
1298 2070 1433 2135 scribere

260 2178 362 2260 aliis“,
387 2175 444 2242 sed
467 2182 523 2258 „ut
545 2181 659 2259 po'e'tae
681 2174 789 2238 lubeat
811 2174 947 2239 scribere
971 2175 1083 2257 alias“,
1109 2175 1189 2240 siout
1211 2175 1246 2241 in
1260 2175 1323 2242 fine
1339 2176 1433 2242 Adel-

259 2284 346 2368 phon
368 2282 507 2367 prologi:

421 2410 560 2488 „Poetae
582 2405 624 2470 ad
647 2403 844 2469 scribendum
869 2411 985 2488 augeat
1007 2404 1229 2470 industriam.“

366 2531 450 2595 Nam
465 2529 593 2595 Terenti
616 2534 700 2593 certe
722 2546 786 2591 non
809 2527 941 2592 multum
962 2529 1113 2596 intererat
1133 2530 1285 2613 populum
1301 2531 1434 2596 aliorum

259 2638 386 2703 fabulas
402 2644 545 2720 spectare
561 2642 593 2700 et
607 2636 751 2718 probare,
774 2634 819 2697 ita
834 2640 869 2699 ut
883 2635 947 2699 illis
963 2634 1141 2717 „industria
1156 2637 1198 2702 ad
1213 2637 1433 2702 scribendum“

260 2750 443 2827 augeretur3
473 2740 530 2805 sed
552 2740 702 2805 Ambivio
724 2739 785 2804 hoc
806 2741 901 2806 valde
925 2742 1098 2824 optandum
1121 2748 1198 2808 erat.
1245 2744 1314 2808 Hac
1336 2743 1434 2826 igitur

259 2872 300 2916 ex
328 2871 362 2915 re
391 2848 584 2930 intellegitur
607 2846 789 2911 Ambivium
825 2847 921 2912 etiam
956 2847 1013 2914 hos
1046 2869 1155 2915 versus
1189 2849 1361 2933 scripsisse.
1390 2885 1434 2895 -

258 2956 421 3022 Bentleius
444 2961 550 3019 autem
573 2953 698 3036 scripsit
720 2973 777 3036 pro
800 2953 916 3036 ‚,aliis“
939 2974 1010 3018 cum
1033 2957 1135 3039 prima
1150 2977 1246 3021 manu
1261 2955 1434 3020 Victoriani

259 3063 377 3129 codicis
400 3061 536 3145 ,‚alias“.
575 3059 639 3126 Sed
662 3079 725 3123 non
748 3066 796 3124 est
818 3080 872 3123 cur
887 3060 1033 3125 Bembini
1055 3063 1173 3127 codicis
1196 3069 1228 3128 et
1242 3061 1434 3144 reliquorum

257 3172 409 3236 librorum
430 3167 617 3232 auctoritate
637 3164 818 3249 posthabita
840 3167 1017 3231 Bentleium
1039 3187 1216 3250 sequamur.
1265 3172 1435 3235 Praeterea

258 3275 437 3361 pronomini
460 3272 618 3358 personali
642 3271 764 3355 „mihi“
787 3272 839 3336 hie
862 3273 988 3355 quidem
1010 3275 1107 3338 aliam
1122 3276 1174 3340 vel
1189 3275 1269 3340 alias
1283 3294 1435 3358 personas

259 3381 464 3468 opponendas
487 3399 555 3444 esse
583 3398 676 3443 nemo
705 3398 768 3443 non
791 3379 888 3445 videt.
912 3417 956 3425 —
979 3380 1161 3446 Retinemus
1189 3382 1287 3466 igitur
1315 3381 1434 3465 optimo

255 3489 328 3575 jure
350 3489 538 3572 scripturam
561 3485 686 3569 ‚,aliis“.

367 3613 528 3690 Quaecum
546 3611 591 3675 ita
607 3610 679 3692 sint,
697 3610 861 3693 probabile
877 3616 922 3675 est
933 3611 1116 3677 Ambivium
1127 3612 1321 3697 Turpionem
1339 3612 1434 3677 etiam

258 3720 343 3785 hunc
376 3720 510 3783 alterum
543 3718 710 3800 prologum
745 3717 976 3801 conscripsisse.
1038 3717 1142 3794 Quam
1175 3720 1307 3784 verbose
1344 3717 1434 3782 nobis

260 3832 386 3892 enarrat
409 3829 443 3888 se
459 3823 692 3889 adulescentem
713 3821 839 3888 fabulas
854 3822 983 3888 Caecilii
1006 3825 1118 3907 egisse,
1143 3831 1262 3908 quanta
1277 3825 1434 3908 gravitate

260 3931 473 3999 innocentiam
496 3950 586 3995 suam
609 3929 880 3994 etauctoritatem
904 3931 1003 3995 oculis
1024 3931 1140 3996 nostris
1162 3931 1323 4015 proponit!
1353 3932 1433 3996 Toto

260 4041 293 4104 in
315 4039 447 4124 prologo
471 4057 543 4101 eum
566 4034 710 4100 videmus
733 4035 824 4117 quasi
847 4041 1010 4118 poetarum
1033 4035 1189 4103 fautorem
1212 4057 1246 4102 se
1266 4037 1431 4120 praebere3

260 4147 317 4212 sed
332 4145 431 4210 nihilo
448 4144 550 4208 minus
566 4143 599 4206 in
613 4141 736 4225 prologi
749 4140 811 4206 fine
827 4142 1026 4208 innocentiae
1037 4163 1113 4208 suae
1125 4149 1219 4208 antea
1234 4140 1275 4230 [v.
1289 4139 1432 4230 41-43]

260 4253 354 4319 valde
378 4251 576 4317 collaudatae
587 4247 719 4331 —quid
741 4248 878 4314 mirum?
894 4285 937 4294 —
957 4269 1085 4332 prorsus
1101 4249 1296 4316 obliviscitur
1311 4249 1433 4314 dicens:

847 4372 1011 4456 „Mihique
1033 4381 1068 4440 ut
1091 4373 1212 4440 discere

367 4483 475 4549 Novas
498 4480 649 4564 expediat
671 4480 803 4564 posthac
824 4479 927 4564 pretio
955 4486 1106 4565 emptas
1133 4481 1258 4546 meo“l
