3228 5030
747 395 966 459 ..46-

377 573 441 640 Sed
475 574 643 639 verborum
677 573 774 637 etiam
808 575 1054 639 constructiones
1089 596 1109 639 a
1138 575 1287 640 Terentio
1322 576 1457 640 alienae

271 679 450 746 offendunt:

377 808 408 852 v.
435 789 469 852 1:
514 786 563 850 De
592 787 732 851 ablativo
760 793 894 868 „ornatu
919 787 1064 870 prologi“
1093 786 1286 852 Amdohrius
1322 784 1366 874 [p.
1394 785 1456 874 15]

271 893 436 958 adnotavit
459 893 552 957 haec:
592 892 772 974 „ablativus
795 894 954 975 „ornatu“
979 894 1011 957 in
1034 899 1140 958 nostro
1163 913 1266 973 versu,
1291 913 1363 958 oum
1386 893 1457 958 hoc

270 1000 400 1065 verbale
423 1000 456 1063 in
479 1018 609 1063 numero
633 1018 740 1062 eorum
764 999 814 1081 sit,
839 1018 922 1080 quae
945 1000 1091 1063 effectum
1106 1001 1240 1064 aetionis
1255 1000 1454 1084 significant,

271 1105 314 1170 ad
337 1105 425 1170 illum
449 1106 633 1186 ablativum,
658 1125 751 1187 quern
767 1105 945 1188 significavi
972 1103 1079 1192 [ablat.
1097 1107 1248 1189 temporis
1264 1113 1295 1170 et
1310 1105 1455 1194 oausae],

270 1211 454 1278 referendus
476 1231 539 1276 non
563 1220 619 1293 est,
644 1211 700 1276 sed
723 1211 765 1276 ad
789 1230 869 1293 eum,
894 1212 946 1294 qui
964 1211 1095 1294 „modi“
1111 1211 1234 1295 dicitur,
1252 1231 1314 1295 quo
1331 1212 1454 1278 descri-

270 1320 385 1384 buntur
407 1339 467 1402 res,
492 1338 574 1400 quae
597 1323 713 1382 statum
737 1317 827 1399 quasi
851 1318 1048 1382 comitantur.
1080 1315 1132 1405 [of.
1156 1319 1277 1402 Holtze,
1302 1320 1454 1404 syntaxis

271 1425 365 1508 prise.
389 1426 444 1490 lat
468 1426 506 1506 I.,
534 1421 619 1510 178]
666 1422 762 1488 Cuius
784 1443 860 1488 usus
883 1425 1062 1507 exemplum
1090 1425 1176 1489 sine
1198 1427 1453 1509 pronominis

221 1560 224 1568 ·
270 1532 333 1596 vel
353 1530 546 1615 adjectivi
563 1529 837 1594 additamento
852 1537 978 1613 praeter
993 1530 1053 1597 hoc
1068 1533 1225 1614 „ornatu“
1241 1551 1301 1615 ego
1318 1533 1452 1614 quidem

272 1637 358 1721 apud
380 1637 547 1721 scriptores
570 1636 685 1700 latinos
708 1655 770 1700 non
794 1636 935 1701 inveni.“

378 1743 442 1810 Sed
465 1762 657 1826 quamquam
681 1743 759 1807 talia
782 1743 928 1826 exempla
951 1742 1037 1826 apud
1060 1743 1139 1808 alios
1163 1744 1331 1826 scriptores
1359 1746 1450 1810 inve-

150 1921 152 1928 ,
270 1849 332 1913 niri
360 1870 423 1914 non
451 1850 651 1933 negaverim,
687 1848 773 1933 apud
801 1850 985 1913 Terentium
1013 1856 1097 1914 certe
1130 1870 1193 1914 non
1227 1850 1448 1935 inveniuntur;

270 1976 345 2020 nam
374 1956 569 2038 testimonia,
605 1973 688 2037 quae
716 1956 897 2037 Draegerus
932 1955 964 2019 in
995 1955 1123 2039 syntaxi
1158 1955 1307 2021 historica
1342 1956 1450 2022 adfert

272 2059 315 2148 [Ι.
339 2083 370 2144 p.
395 2062 476 2126 538:
507 2061 605 2126 Andr.
629 2062 711 2126 48οε
747 2061 909 2144 „periculo
932 2060 1062 2143 huius“;
1103 2063 1216 2127 Heant.
1242 2063 1323 2127 839:
1358 2083 1448 2146 „mo-

270 2165 397 2254 ribus“]
433 2167 494 2233 hue
521 2187 584 2232 non
612 2168 769 2251 pertinere
798 2167 998 2250 perspicuum
1032 2174 1088 2232 est.
1139 2169 1324 2250 Praeterea,
1360 2169 1448 2251 quod

270 2274 399 2357 gravius
428 2283 490 2357 est,
523 2273 739 2338 Heinriohsius
768 2273 809 2338 de
837 2274 969 2339 ablativi
999 2274 1085 2357 apud
1114 2275 1297 2339 Terentium
1328 2294 1387 2339 usu
1414 2281 1447 2340 et

270 2380 391 2445 ratione
427 2378 543 2467 [progr.
567 2381 692 2462 Elbing.
725 2380 809 2443 1858
832 2399 864 2462 p.
890 2377 944 2466 27]
980 2379 1060 2443 nihil
1082 2380 1185 2444 simile
1212 2381 1343 2463 invenit,
1374 2401 1446 2446 oum

270 2486 353 2551 hunc
375 2486 549 2551 ablativum
571 2485 658 2551 modi
680 2491 816 2567 „ornatu
830 2486 976 2568 prologi“
991 2493 1124 2568 poneret
1140 2493 1303 2569 tamquam
1318 2487 1447 2552 unicum

270 2593 339 2658 eius
361 2594 487 2677 generis
511 2592 691 2676 exemplum
714 2590 800 2675 apud
822 2591 1015 2655 Terentium.

270 2720 321 2765 vv.
347 2700 367 2763 6
391 2701 481 2764 etl:
506 2699 565 2782 „In
589 2699 647 2764 eis
670 2716 749 2780 quas
770 2698 907 2780 primum
931 2696 1048 2762 (laecili
1072 2697 1169 2763 didici
1193 2718 1302 2780 novas,

504 2805 623 2871 Partim
647 2823 716 2868 sum
740 2823 869 2868 earum
893 2811 1030 2886 exactus,
1054 2805 1171 2886 partim
1194 2807 1249 2870 vix
1272 2806 1378 2871 steti.“

376 2910 516 2975 Primum
540 2909 667 2992 quidem
691 2930 754 2976 vox
783 2910 944 2992 „partim“
971 2929 1029 2992 pro
1053 2910 1204 2976 adverbio
1228 2911 1332 2994 posita
1359 2912 1446 2994 apud

270 3017 452 3081 Terentium
478 3037 541 3080 non
564 3017 723 3081 invenitur
746 3021 817 3080 cu'm
839 3017 988 3100 genetivo
1011 3015 1193 3100 conjuncta3
1223 3017 1280 3082 sed
1302 3017 1377 3083 huic
1399 3019 1445 3083 rei

269 3143 333 3187 non
362 3123 495 3188 multum
523 3123 642 3206 tribuo,
675 3123 825 3205 quoniam
854 3123 932 3187 talia
961 3124 1107 3206 exempla
1135 3123 1221 3206 apud
1250 3125 1330 3188 alios
1360 3124 1446 3190 baud

270 3249 373 3313 pauca
396 3233 544 3312 extant.¹)
595 3230 638 3294 At
660 3229 720 3294 hoo
742 3249 793 3294 me
816 3228 957 3311 offendit,
982 3228 1067 3310 quod
1087 3249 1259 3312 pronomen
1282 3230 1355 3313 „is“
1379 3231 1446 3296 sine

269 3335 336 3400 ulla
359 3355 455 3400 eausa
478 3335 526 3400 bis
551 3332 596 3422 [in
620 3335 665 3400 eis
690 3374 732 3383 -
755 3332 875 3421 earum]
899 3335 1037 3417 positum
1061 3341 1117 3400 est.

376 3480 406 3524 v.
431 3459 491 3522 46:
516 3508 536 3542 „
561 3459 662 3524 Sinite
686 3459 856 3542 impetrare
878 3478 930 3523 me
955 3509 961 3522 .
988 3509 995 3523 .
1022 3510 1029 3523 .
1053 3478 1093 3523 ne
1118 3509 1125 3524 .
1152 3510 1159 3524 .
1185 3508 1192 3522 .
1219 3510 1226 3524 .
1251 3460 1444 3525 inrideant.“

269 3566 407 3630 Verbum
435 3565 627 3649 impetrandi
662 3586 682 3630 a
711 3565 858 3630 Terentio
887 3583 1011 3648 semper
1040 3564 1107 3629 fere
1141 3563 1341 3649 conjungitur
1375 3587 1444 3631 curn

270 3672 449 3736 accusativo
483 3672 633 3753 nominis3
672 3672 769 3736 semel
804 3671 944 3752 sequitur
972 3672 1050 3754 „ut“
1079 3670 1178 3736 Andr.
1208 3692 1237 3736 v.
1270 3672 1351 3756 313,
1391 3673 1444 3738 ubi

268 3779 401 3844 verbum
423 3778 636 3860 „impetrare“
652 3777 808 3842 artissime
825 3775 1024 3860 conjunctum
1040 3783 1087 3842 est
1102 3797 1173 3842 cnm
1188 3779 1294 3843 verbis
1309 3779 1443 3861 „orare“

270 3891 302 3949 et
324 3884 560 3968 „supplicaret

376 3989 441 4055 Sed
470 4007 663 4072 quamquam
693 3987 797 4052 adhuc
824 3987 905 4053 nihil
932 3988 1000 4053 fere
1029 3989 1215 4073 invenimus,
1246 4010 1308 4072 qno
1337 3997 1444 4056 nostra

269 4096 426 4162 sententia
448 4095 489 4161 de
510 4094 659 4160 Ambivio
686 4094 881 4177 probaretur,
911 4100 1018 4159 tamen
1046 4096 1208 4180 complura
1235 4097 1334 4162 allata
1362 4103 1442 4178 sunt,

268 4203 352 4268 unde
375 4208 509 4287 apparet
523 4201 705 4266 Terentium
721 4199 804 4264 hunc
819 4200 984 4282 prologum
999 4221 1062 4266 non
1077 4203 1249 4286 scripsisse.
1289 4203 1444 4269 Graviora

269 4315 374 4375 autern
398 4315 585 4392 argumenta
607 4307 772 4390 praebebit
793 4325 843 4372 res
866 4307 937 4390 ipsa
959 4309 992 4372 in
1014 4307 1146 4391 prologo
1169 4315 1313 4374 tractata.

379 4489 397 4552 ¹)
433 4487 469 4542 cf.
487 4487 642 4542 Ruhnkenii
661 4487 764 4542 dictata
780 4487 809 4540 in
827 4487 937 4540 Terenti
956 4488 1110 4542 comoedias
1128 4504 1155 4556 p.
1175 4490 1235 4542 212.

1585 540 1586 559 r

1587 624 1588 649 l

1587 670 1589 691 l
